Order ID,Order Date,Customer ID,Customer Name,Address,City,State,ZIP,Countr_Region,Salesperson,Region,Shipped Date,Shipper Name,Ship Name,Ship Address,Ship City,Ship State,Ship ZIP,Ship Country,Payment Type,Product Name,Category,Unit Price,Quantity,Revenue,Shipping Fee
16060,1/20/14,27,Company AA,789 27th Street,Las Vegas,NV,99999,USA,Mariya Sergienko,West,1/29/14,Shipping Company B,Karen Toh,789 27th Street,Las Vegas,NV,99999,USA,Check,Beer,Beverages,14,49,686,80.93691209
16121,1/30/14,27,Company AA,789 27th Street,Las Vegas,NV,99999,USA,Mariya Sergienko,West,1/29/14,Shipping Company B,Karen Toh,789 27th Street,Las Vegas,NV,99999,USA,Check,Dried Plums,Dried Fruit & Nuts,3.5,10,35,5.715307091
12213,1/9/14,4,Company D,123 4th Street,New York,NY,99999,USA,Andrew Cencini,East,1/6/14,Shipping Company A,Christina Lee,123 4th Street,New York,NY,99999,USA,Credit Card,Dried Pears,Dried Fruit & Nuts,30,165,4950,76.39023066
12649,12/28/13,4,Company D,123 4th Street,New York,NY,99999,USA,Andrew Cencini,East,1/6/14,Shipping Company A,Christina Lee,123 4th Street,New York,NY,99999,USA,Credit Card,Dried Apples,Dried Fruit & Nuts,53,142,7526,93.12225011
5263,12/31/13,4,Company D,123 4th Street,New York,NY,99999,USA,Andrew Cencini,East,1/6/14,Shipping Company A,Christina Lee,123 4th Street,New York,NY,99999,USA,Credit Card,Dried Plums,Dried Fruit & Nuts,3.5,18,63,95.46285792
14746,12/25/13,12,Company L,123 12th Street,Las Vegas,NV,99999,USA,Mariya Sergienko,West,1/14/14,Shipping Company B,John Edwards,123 12th Street,Las Vegas,NV,99999,USA,Credit Card,Chai,Beverages,18,170,3060,17.34298306
4974,1/11/14,12,Company L,123 12th Street,Las Vegas,NV,99999,USA,Mariya Sergienko,West,1/14/14,Shipping Company B,John Edwards,123 12th Street,Las Vegas,NV,99999,USA,Credit Card,Coffee,Beverages,46,167,7682,58.09812801
11900,12/22/13,8,Company H,123 8th Street,Portland,OR,99999,USA,Nancy Freehafer,North,1/10/14,Shipping Company C,Elizabeth Andersen,123 8th Street,Portland,OR,99999,USA,Credit Card,Chocolate Biscuits Mix,Baked Goods & Mixes,9.2,197,1812.4,70.27488976
6790,1/8/14,4,Company D,123 4th Street,New York,NY,99999,USA,Andrew Cencini,East,1/6/14,Shipping Company C,Christina Lee,123 4th Street,New York,NY,99999,USA,Check,Chocolate Biscuits Mix,Baked Goods & Mixes,9.2,93,855.6,37.18091377
17837,1/15/14,29,Company CC,789 29th Street,Denver,CO,99999,USA,Jan Kotas,West,1/31/14,Shipping Company B,Soo Jung Lee,789 29th Street,Denver,CO,99999,USA,Check,Chocolate,Candy,12.75,95,1211.25,47.10630706
14888,1/13/14,3,Company C,123 3rd Street,Los Angelas,CA,99999,USA,Mariya Sergienko,West,1/5/14,Shipping Company B,Thomas Axerr,123 3rd Street,Los Angelas,CA,99999,USA,Cash,Clam Chowder,Soups,9.65,153,1476.45,9.847598263
18273,1/7/14,6,Company F,123 6th Street,Milwaukee,WI,99999,USA,Michael Neipper,North,1/8/14,Shipping Company B,Francisco PŽrez-Olaeta,123 6th Street,Milwaukee,WI,99999,USA,Credit Card,Curry Sauce,Sauces,40,30,1200,1.079321042
10795,2/3/14,28,Company BB,789 28th Street,Memphis,TN,99999,USA,Anne Larsen,South,1/30/14,Shipping Company C,Amritansh Raghav,789 28th Street,Memphis,TN,99999,USA,Check,Coffee,Beverages,46,58,2668,66.32044908
9992,1/3/14,8,Company H,123 8th Street,Portland,OR,99999,USA,Nancy Freehafer,North,1/10/14,Shipping Company C,Elizabeth Andersen,123 8th Street,Portland,OR,99999,USA,Check,Chocolate,Candy,12.75,8,102,73.19492076
19716,1/3/14,10,Company J,123 10th Street,Chicago,IL,99999,USA,Laura Giussani,East,1/12/14,Shipping Company B,Roland Wacker,123 10th Street,Chicago,IL,99999,USA,Credit Card,Green Tea,Beverages,2.99,26,77.74,41.29524336
9571,12/28/13,7,Company G,123 7th Street,Boise,ID,99999,USA,Nancy Freehafer,North,NULL,NULL,Ming-Yang Xie,123 7th Street,Boise,ID,99999,USA,NULL,Coffee,Beverages,46,91,4186,81.41115015
18257,1/11/14,10,Company J,123 10th Street,Chicago,IL,99999,USA,Laura Giussani,East,1/12/14,Shipping Company A,Roland Wacker,123 10th Street,Chicago,IL,99999,USA,NULL,Boysenberry Spread,"Jams, Preserves",25,65,1625,67.55893113
3206,12/29/13,10,Company J,123 10th Street,Chicago,IL,99999,USA,Laura Giussani,East,1/12/14,Shipping Company A,Roland Wacker,123 10th Street,Chicago,IL,99999,USA,NULL,Cajun Seasoning,Condiments,22,151,3322,49.34794257
3448,1/4/14,10,Company J,123 10th Street,Chicago,IL,99999,USA,Laura Giussani,East,1/12/14,Shipping Company A,Roland Wacker,123 10th Street,Chicago,IL,99999,USA,NULL,Chocolate Biscuits Mix,Baked Goods & Mixes,9.2,50,460,6.446937284
11474,12/31/13,11,Company K,123 11th Street,Miami,FL,99999,USA,Anne Larsen,South,NULL,Shipping Company C,Peter Krschne,123 11th Street,Miami,FL,99999,USA,NULL,Dried Plums,Dried Fruit & Nuts,3.5,127,444.5,40.04368095
8406,12/24/13,11,Company K,123 11th Street,Miami,FL,99999,USA,Anne Larsen,South,NULL,Shipping Company C,Peter Krschne,123 11th Street,Miami,FL,99999,USA,NULL,Green Tea,Beverages,2.99,17,50.83,21.77406087
16471,12/13/13,1,Company A,123 1st Street,Seattle,WA,99999,USA,Nancy Freehafer,North,NULL,NULL,Anna Bedecs,123 1st Street,Seattle,WA,99999,USA,NULL,Chai,Beverages,18,111,1998,48.01868524
2729,12/14/13,1,Company A,123 1st Street,Seattle,WA,99999,USA,Nancy Freehafer,North,NULL,NULL,Anna Bedecs,123 1st Street,Seattle,WA,99999,USA,NULL,Coffee,Beverages,46,116,5336,38.43868057
12277,1/2/14,1,Company A,123 1st Street,Seattle,WA,99999,USA,Nancy Freehafer,North,NULL,NULL,Anna Bedecs,123 1st Street,Seattle,WA,99999,USA,NULL,Green Tea,Beverages,2.99,172,514.28,83.0106655
8920,1/27/14,28,Company BB,789 28th Street,Memphis,TN,99999,USA,Anne Larsen,South,1/30/14,Shipping Company C,Amritansh Raghav,789 28th Street,Memphis,TN,99999,USA,Credit Card,Clam Chowder,Soups,9.65,138,1331.7,14.57157021
13513,1/30/14,28,Company BB,789 28th Street,Memphis,TN,99999,USA,Anne Larsen,South,1/30/14,Shipping Company C,Amritansh Raghav,789 28th Street,Memphis,TN,99999,USA,Credit Card,Crab Meat,Canned Meat,18.4,181,3330.4,71.35805651
3611,12/27/13,9,Company I,123 9th Street,Salt Lake City,UT,99999,USA,Robert Zare,West,1/11/14,Shipping Company A,Sven Mortensen,123 9th Street,Salt Lake City,UT,99999,USA,Check,Ravioli,Pasta,19.5,147,2866.5,99.01061096
2342,12/28/13,9,Company I,123 9th Street,Salt Lake City,UT,99999,USA,Robert Zare,West,1/11/14,Shipping Company A,Sven Mortensen,123 9th Street,Salt Lake City,UT,99999,USA,Check,Mozzarella,Dairy Products,34.8,1,34.8,80.74029576
15349,1/10/14,6,Company F,123 6th Street,Milwaukee,WI,99999,USA,Michael Neipper,North,1/8/14,Shipping Company B,Francisco PŽrez-Olaeta,123 6th Street,Milwaukee,WI,99999,USA,Credit Card,Beer,Beverages,14,27,378,90.80104859
13589,1/22/14,8,Company H,123 8th Street,Portland,OR,99999,USA,Nancy Freehafer,North,2/10/14,Shipping Company B,Elizabeth Andersen,123 8th Street,Portland,OR,99999,USA,Check,Curry Sauce,Sauces,40,85,3400,14.23681245
7220,1/31/14,3,Company C,123 3rd Street,Los Angelas,CA,99999,USA,Mariya Sergienko,West,2/5/14,Shipping Company B,Thomas Axerr,123 3rd Street,Los Angelas,CA,99999,USA,Cash,Syrup,Condiments,10,171,1710,56.90286622
15274,2/2/14,3,Company C,123 3rd Street,Los Angelas,CA,99999,USA,Mariya Sergienko,West,2/5/14,Shipping Company B,Thomas Axerr,123 3rd Street,Los Angelas,CA,99999,USA,Cash,Curry Sauce,Sauces,40,113,4520,27.82164127
16794,2/2/14,6,Company F,123 6th Street,Milwaukee,WI,99999,USA,Michael Neipper,North,2/8/14,Shipping Company B,Francisco PŽrez-Olaeta,123 6th Street,Milwaukee,WI,99999,USA,Credit Card,NULL,NULL,NULL,NULL,0,64.61218368
10595,2/11/14,28,Company BB,789 28th Street,Memphis,TN,99999,USA,Anne Larsen,South,3/2/14,Shipping Company C,Amritansh Raghav,789 28th Street,Memphis,TN,99999,USA,Check,NULL,NULL,NULL,NULL,0,79.92491201
6698,2/9/14,8,Company H,123 8th Street,Portland,OR,99999,USA,Nancy Freehafer,North,2/10/14,Shipping Company C,Elizabeth Andersen,123 8th Street,Portland,OR,99999,USA,Check,NULL,NULL,NULL,NULL,0,83.7349224
3663,2/20/14,10,Company J,123 10th Street,Chicago,IL,99999,USA,Laura Giussani,East,2/12/14,Shipping Company B,Roland Wacker,123 10th Street,Chicago,IL,99999,USA,Credit Card,Almonds,Dried Fruit & Nuts,10,167,1670,2.27203624
6039,1/27/14,10,Company J,123 10th Street,Chicago,IL,99999,USA,Laura Giussani,East,NULL,Shipping Company A,Roland Wacker,123 10th Street,Chicago,IL,99999,USA,NULL,Dried Plums,Dried Fruit & Nuts,3.5,125,437.5,95.49484213
16365,2/8/14,11,Company K,123 11th Street,Miami,FL,99999,USA,Anne Larsen,South,NULL,Shipping Company C,Peter Krschne,123 11th Street,Miami,FL,99999,USA,NULL,Curry Sauce,Sauces,40,129,5160,47.6390402
17094,2/6/14,1,Company A,123 1st Street,Seattle,WA,99999,USA,Nancy Freehafer,North,NULL,Shipping Company C,Anna Bedecs,123 1st Street,Seattle,WA,99999,USA,NULL,Crab Meat,Canned Meat,18.4,92,1692.8,42.62125842
19512,3/7/14,28,Company BB,789 28th Street,Memphis,TN,99999,USA,Anne Larsen,South,3/2/14,Shipping Company C,Amritansh Raghav,789 28th Street,Memphis,TN,99999,USA,Credit Card,Coffee,Beverages,46,196,9016,20.64001243
6288,1/31/14,9,Company I,123 9th Street,Salt Lake City,UT,99999,USA,Robert Zare,West,2/11/14,Shipping Company A,Sven Mortensen,123 9th Street,Salt Lake City,UT,99999,USA,Check,Clam Chowder,Soups,9.65,141,1360.65,14.78389416
19769,2/7/14,6,Company F,123 6th Street,Milwaukee,WI,99999,USA,Michael Neipper,North,2/8/14,Shipping Company B,Francisco PŽrez-Olaeta,123 6th Street,Milwaukee,WI,99999,USA,Credit Card,Chocolate,Candy,12.75,57,726.75,98.66914617
15705,2/13/14,8,Company H,123 8th Street,Portland,OR,99999,USA,Nancy Freehafer,North,2/10/14,Shipping Company B,Elizabeth Andersen,123 8th Street,Portland,OR,99999,USA,Check,Chocolate,Candy,12.75,118,1504.5,87.48719966
4741,2/24/14,25,Company Y,789 25th Street,Chicago,IL,99999,USA,Laura Giussani,East,2/27/14,Shipping Company A,John Rodman,789 25th Street,Chicago,IL,99999,USA,Cash,Cajun Seasoning,Condiments,22,195,4290,68.40808522
15291,2/19/14,26,Company Z,789 26th Street,Miami,FL,99999,USA,Anne Larsen,South,2/28/14,Shipping Company C,Run Liu,789 26th Street,Miami,FL,99999,USA,Credit Card,Boysenberry Spread,"Jams, Preserves",25,86,2150,3.884375599
18193,2/25/14,29,Company CC,789 29th Street,Denver,CO,99999,USA,Jan Kotas,West,3/3/14,Shipping Company B,Soo Jung Lee,789 29th Street,Denver,CO,99999,USA,Check,Fruit Cocktail,Fruit & Veg,39,52,2028,69.23738179
7097,2/1/14,6,Company F,123 6th Street,Milwaukee,WI,99999,USA,Michael Neipper,North,2/8/14,Shipping Company C,Francisco PŽrez-Olaeta,123 6th Street,Milwaukee,WI,99999,USA,Check,Dried Pears,Dried Fruit & Nuts,30,100,3000,29.62582815
6351,1/27/14,6,Company F,123 6th Street,Milwaukee,WI,99999,USA,Michael Neipper,North,2/8/14,Shipping Company C,Francisco PŽrez-Olaeta,123 6th Street,Milwaukee,WI,99999,USA,Check,Dried Apples,Dried Fruit & Nuts,53,48,2544,0.537222568
12606,2/11/14,4,Company D,123 4th Street,New York,NY,99999,USA,Andrew Cencini,East,NULL,NULL,Christina Lee,123 4th Street,New York,NY,99999,USA,NULL,Gnocchi,Pasta,38,1,38,27.05913782
14871,2/5/14,3,Company C,123 3rd Street,Los Angelas,CA,99999,USA,Mariya Sergienko,West,NULL,NULL,Thomas Axerr,123 3rd Street,Los Angelas,CA,99999,USA,NULL,Green Tea,Beverages,2.99,16,47.84,20.8741756
16648,2/26/14,9,Company I,123 9th Street,Salt Lake City,UT,99999,USA,Robert Zare,West,3/11/14,Shipping Company A,Sven Mortensen,123 9th Street,Salt Lake City,UT,99999,USA,Check,Ravioli,Pasta,19.5,79,1540.5,19.53907947
15649,3/8/14,9,Company I,123 9th Street,Salt Lake City,UT,99999,USA,Robert Zare,West,3/11/14,Shipping Company A,Sven Mortensen,123 9th Street,Salt Lake City,UT,99999,USA,Check,Mozzarella,Dairy Products,34.8,149,5185.2,5.23638933
9872,3/7/14,6,Company F,123 6th Street,Milwaukee,WI,99999,USA,Michael Neipper,North,3/8/14,Shipping Company B,Francisco PŽrez-Olaeta,123 6th Street,Milwaukee,WI,99999,USA,Credit Card,Beer,Beverages,14,130,1820,3.382168059
3670,3/18/14,8,Company H,123 8th Street,Portland,OR,99999,USA,Nancy Freehafer,North,3/10/14,Shipping Company B,Elizabeth Andersen,123 8th Street,Portland,OR,99999,USA,Check,Curry Sauce,Sauces,40,76,3040,38.25192683
16591,2/17/14,8,Company H,123 8th Street,Portland,OR,99999,USA,Nancy Freehafer,North,3/10/14,Shipping Company B,Elizabeth Andersen,123 8th Street,Portland,OR,99999,USA,Check,Chocolate Biscuits Mix,Baked Goods & Mixes,9.2,103,947.6,97.37811554
10582,3/8/14,25,Company Y,789 25th Street,Chicago,IL,99999,USA,Laura Giussani,East,3/27/14,Shipping Company A,John Rodman,789 25th Street,Chicago,IL,99999,USA,Cash,Scones,Baked Goods & Mixes,10,170,1700,70.89937657
10213,3/18/14,26,Company Z,789 26th Street,Miami,FL,99999,USA,Anne Larsen,South,3/28/14,Shipping Company C,Run Liu,789 26th Street,Miami,FL,99999,USA,Credit Card,Olive Oil,Oil,21.35,95,2028.25,69.61530265
2743,3/25/14,26,Company Z,789 26th Street,Miami,FL,99999,USA,Anne Larsen,South,3/28/14,Shipping Company C,Run Liu,789 26th Street,Miami,FL,99999,USA,Credit Card,Clam Chowder,Soups,9.65,178,1717.7,0.564041941
16040,3/11/14,26,Company Z,789 26th Street,Miami,FL,99999,USA,Anne Larsen,South,3/28/14,Shipping Company C,Run Liu,789 26th Street,Miami,FL,99999,USA,Credit Card,Crab Meat,Canned Meat,18.4,184,3385.6,58.36901703
6489,3/31/14,29,Company CC,789 29th Street,Denver,CO,99999,USA,Jan Kotas,West,3/31/14,Shipping Company B,Soo Jung Lee,789 29th Street,Denver,CO,99999,USA,Check,Beer,Beverages,14,177,2478,52.10796819
19168,3/2/14,6,Company F,123 6th Street,Milwaukee,WI,99999,USA,Michael Neipper,North,3/8/14,Shipping Company C,Francisco PŽrez-Olaeta,123 6th Street,Milwaukee,WI,99999,USA,Check,Chocolate,Candy,12.75,165,2103.75,68.69329195
11600,3/3/14,4,Company D,123 4th Street,New York,NY,99999,USA,Andrew Cencini,East,3/6/14,Shipping Company A,Christina Lee,123 4th Street,New York,NY,99999,USA,Credit Card,Marmalade,"Jams, Preserves",81,103,8343,1.071253921
14779,3/9/14,4,Company D,123 4th Street,New York,NY,99999,USA,Andrew Cencini,East,3/6/14,Shipping Company A,Christina Lee,123 4th Street,New York,NY,99999,USA,Credit Card,Long Grain Rice,Grains,7,159,1113,52.40372661
2767,3/1/14,8,Company H,123 8th Street,Portland,OR,99999,USA,Nancy Freehafer,North,3/10/14,Shipping Company C,Elizabeth Andersen,123 8th Street,Portland,OR,99999,USA,Credit Card,Mozzarella,Dairy Products,34.8,41,1426.8,6.958598531
17445,3/4/14,3,Company C,123 3rd Street,Los Angelas,CA,99999,USA,Mariya Sergienko,West,3/5/14,Shipping Company B,Thomas Axerr,123 3rd Street,Los Angelas,CA,99999,USA,Cash,Syrup,Condiments,10,156,1560,91.17234742
10966,2/19/14,3,Company C,123 3rd Street,Los Angelas,CA,99999,USA,Mariya Sergienko,West,3/5/14,Shipping Company B,Thomas Axerr,123 3rd Street,Los Angelas,CA,99999,USA,Cash,Curry Sauce,Sauces,40,116,4640,84.57666908
10584,2/20/14,10,Company J,123 10th Street,Chicago,IL,99999,USA,Laura Giussani,East,3/12/14,Shipping Company B,Roland Wacker,123 10th Street,Chicago,IL,99999,USA,Credit Card,Almonds,Dried Fruit & Nuts,10,197,1970,9.067549475
12925,3/15/14,10,Company J,123 10th Street,Chicago,IL,99999,USA,Laura Giussani,East,NULL,Shipping Company A,Roland Wacker,123 10th Street,Chicago,IL,99999,USA,NULL,Dried Plums,Dried Fruit & Nuts,3.5,6,21,49.21186151
3899,3/2/14,11,Company K,123 11th Street,Miami,FL,99999,USA,Anne Larsen,South,NULL,Shipping Company C,Peter Krschne,123 11th Street,Miami,FL,99999,USA,NULL,Curry Sauce,Sauces,40,48,1920,83.28117397
5800,3/4/14,1,Company A,123 1st Street,Seattle,WA,99999,USA,Nancy Freehafer,North,NULL,Shipping Company C,Anna Bedecs,123 1st Street,Seattle,WA,99999,USA,NULL,Crab Meat,Canned Meat,18.4,68,1251.2,86.05477849
5194,3/24/14,28,Company BB,789 28th Street,Memphis,TN,99999,USA,Anne Larsen,South,3/30/14,Shipping Company C,Amritansh Raghav,789 28th Street,Memphis,TN,99999,USA,Credit Card,Coffee,Beverages,46,181,8326,24.45924342
11682,3/24/14,4,Company D,123 4th Street,New York,NY,99999,USA,Andrew Cencini,East,4/6/14,Shipping Company A,Christina Lee,123 4th Street,New York,NY,99999,USA,Credit Card,Dried Plums,Dried Fruit & Nuts,3.5,3,10.5,9.167727463
10713,4/13/14,12,Company L,123 12th Street,Las Vegas,NV,99999,USA,Mariya Sergienko,West,4/14/14,Shipping Company B,John Edwards,123 12th Street,Las Vegas,NV,99999,USA,Credit Card,Chai,Beverages,18,160,2880,39.82541481
19994,4/9/14,12,Company L,123 12th Street,Las Vegas,NV,99999,USA,Mariya Sergienko,West,4/14/14,Shipping Company B,John Edwards,123 12th Street,Las Vegas,NV,99999,USA,Credit Card,Coffee,Beverages,46,38,1748,38.03702997
18699,4/14/14,8,Company H,123 8th Street,Portland,OR,99999,USA,Nancy Freehafer,North,4/10/14,Shipping Company C,Elizabeth Andersen,123 8th Street,Portland,OR,99999,USA,Credit Card,Chocolate Biscuits Mix,Baked Goods & Mixes,9.2,132,1214.4,60.84700772
16217,4/7/14,4,Company D,123 4th Street,New York,NY,99999,USA,Andrew Cencini,East,4/6/14,Shipping Company C,Christina Lee,123 4th Street,New York,NY,99999,USA,Check,Chocolate Biscuits Mix,Baked Goods & Mixes,9.2,52,478.4,64.80990981
2910,5/6/14,29,Company CC,789 29th Street,Denver,CO,99999,USA,Jan Kotas,West,5/1/14,Shipping Company B,Soo Jung Lee,789 29th Street,Denver,CO,99999,USA,Check,Chocolate,Candy,12.75,186,2371.5,2.908806562
17613,3/15/14,3,Company C,123 3rd Street,Los Angelas,CA,99999,USA,Mariya Sergienko,West,4/5/14,Shipping Company B,Thomas Axerr,123 3rd Street,Los Angelas,CA,99999,USA,Cash,Clam Chowder,Soups,9.65,109,1051.85,74.11086792
8989,4/16/14,6,Company F,123 6th Street,Milwaukee,WI,99999,USA,Michael Neipper,North,4/8/14,Shipping Company B,Francisco PŽrez-Olaeta,123 6th Street,Milwaukee,WI,99999,USA,Credit Card,Curry Sauce,Sauces,40,124,4960,72.35930002
2030,4/28/14,28,Company BB,789 28th Street,Memphis,TN,99999,USA,Anne Larsen,South,4/30/14,Shipping Company C,Amritansh Raghav,789 28th Street,Memphis,TN,99999,USA,Check,Coffee,Beverages,46,73,3358,59.12769336
4878,4/3/14,8,Company H,123 8th Street,Portland,OR,99999,USA,Nancy Freehafer,North,4/10/14,Shipping Company C,Elizabeth Andersen,123 8th Street,Portland,OR,99999,USA,Check,Chocolate,Candy,12.75,15,191.25,91.88383473
8956,4/16/14,10,Company J,123 10th Street,Chicago,IL,99999,USA,Laura Giussani,East,4/12/14,Shipping Company B,Roland Wacker,123 10th Street,Chicago,IL,99999,USA,Credit Card,Green Tea,Beverages,2.99,4,11.96,77.89561481
7243,3/26/14,7,Company G,123 7th Street,Boise,ID,99999,USA,Nancy Freehafer,North,NULL,NULL,Ming-Yang Xie,123 7th Street,Boise,ID,99999,USA,NULL,Coffee,Beverages,46,108,4968,19.45101116
16324,3/25/14,10,Company J,123 10th Street,Chicago,IL,99999,USA,Laura Giussani,East,4/12/14,Shipping Company A,Roland Wacker,123 10th Street,Chicago,IL,99999,USA,NULL,Boysenberry Spread,"Jams, Preserves",25,50,1250,44.47640809
13604,4/2/14,10,Company J,123 10th Street,Chicago,IL,99999,USA,Laura Giussani,East,4/12/14,Shipping Company A,Roland Wacker,123 10th Street,Chicago,IL,99999,USA,NULL,Cajun Seasoning,Condiments,22,84,1848,3.770836215
18871,4/4/14,10,Company J,123 10th Street,Chicago,IL,99999,USA,Laura Giussani,East,4/12/14,Shipping Company A,Roland Wacker,123 10th Street,Chicago,IL,99999,USA,NULL,Chocolate Biscuits Mix,Baked Goods & Mixes,9.2,119,1094.8,79.48561562
6497,4/6/14,11,Company K,123 11th Street,Miami,FL,99999,USA,Anne Larsen,South,NULL,Shipping Company C,Peter Krschne,123 11th Street,Miami,FL,99999,USA,NULL,Dried Plums,Dried Fruit & Nuts,3.5,11,38.5,42.03242311
19212,3/27/14,11,Company K,123 11th Street,Miami,FL,99999,USA,Anne Larsen,South,NULL,Shipping Company C,Peter Krschne,123 11th Street,Miami,FL,99999,USA,NULL,Green Tea,Beverages,2.99,39,116.61,31.65154993
11952,3/18/14,1,Company A,123 1st Street,Seattle,WA,99999,USA,Nancy Freehafer,North,NULL,NULL,Anna Bedecs,123 1st Street,Seattle,WA,99999,USA,NULL,Chai,Beverages,18,68,1224,40.35833089
17261,6/5/14,29,Company CC,789 29th Street,Denver,CO,99999,USA,Jan Kotas,West,5/31/14,Shipping Company B,Soo Jung Lee,789 29th Street,Denver,CO,99999,USA,Check,Chocolate,Candy,12.75,187,2384.25,87.1424237
3817,5/1/14,3,Company C,123 3rd Street,Los Angelas,CA,99999,USA,Mariya Sergienko,West,5/5/14,Shipping Company B,Thomas Axerr,123 3rd Street,Los Angelas,CA,99999,USA,Cash,Clam Chowder,Soups,9.65,59,569.35,63.7618866
4243,5/15/14,6,Company F,123 6th Street,Milwaukee,WI,99999,USA,Michael Neipper,North,5/8/14,Shipping Company B,Francisco PŽrez-Olaeta,123 6th Street,Milwaukee,WI,99999,USA,Credit Card,Curry Sauce,Sauces,40,133,5320,4.526785383
5840,5/12/14,28,Company BB,789 28th Street,Memphis,TN,99999,USA,Anne Larsen,South,5/30/14,Shipping Company C,Amritansh Raghav,789 28th Street,Memphis,TN,99999,USA,Check,Coffee,Beverages,46,176,8096,43.96468344
15277,4/27/14,8,Company H,123 8th Street,Portland,OR,99999,USA,Nancy Freehafer,North,5/10/14,Shipping Company C,Elizabeth Andersen,123 8th Street,Portland,OR,99999,USA,Check,Chocolate,Candy,12.75,34,433.5,87.59946017
12869,5/9/14,10,Company J,123 10th Street,Chicago,IL,99999,USA,Laura Giussani,East,5/12/14,Shipping Company B,Roland Wacker,123 10th Street,Chicago,IL,99999,USA,Credit Card,Green Tea,Beverages,2.99,121,361.79,40.06146245
4703,5/5/14,7,Company G,123 7th Street,Boise,ID,99999,USA,Nancy Freehafer,North,NULL,NULL,Ming-Yang Xie,123 7th Street,Boise,ID,99999,USA,NULL,Coffee,Beverages,46,39,1794,29.53375033
15078,5/17/14,10,Company J,123 10th Street,Chicago,IL,99999,USA,Laura Giussani,East,5/12/14,Shipping Company A,Roland Wacker,123 10th Street,Chicago,IL,99999,USA,NULL,Boysenberry Spread,"Jams, Preserves",25,162,4050,78.55615693
12657,5/20/14,10,Company J,123 10th Street,Chicago,IL,99999,USA,Laura Giussani,East,5/12/14,Shipping Company A,Roland Wacker,123 10th Street,Chicago,IL,99999,USA,NULL,Cajun Seasoning,Condiments,22,174,3828,98.9809979
12374,5/15/14,10,Company J,123 10th Street,Chicago,IL,99999,USA,Laura Giussani,East,5/12/14,Shipping Company A,Roland Wacker,123 10th Street,Chicago,IL,99999,USA,NULL,Chocolate Biscuits Mix,Baked Goods & Mixes,9.2,80,736,82.04993189
10706,4/29/14,11,Company K,123 11th Street,Miami,FL,99999,USA,Anne Larsen,South,NULL,Shipping Company C,Peter Krschne,123 11th Street,Miami,FL,99999,USA,NULL,Dried Plums,Dried Fruit & Nuts,3.5,180,630,50.88685612
4696,4/30/14,11,Company K,123 11th Street,Miami,FL,99999,USA,Anne Larsen,South,NULL,Shipping Company C,Peter Krschne,123 11th Street,Miami,FL,99999,USA,NULL,Green Tea,Beverages,2.99,62,185.38,16.89109539
16049,5/11/14,1,Company A,123 1st Street,Seattle,WA,99999,USA,Nancy Freehafer,North,NULL,NULL,Anna Bedecs,123 1st Street,Seattle,WA,99999,USA,NULL,Chai,Beverages,18,24,432,78.73996815
18106,4/29/14,1,Company A,123 1st Street,Seattle,WA,99999,USA,Nancy Freehafer,North,NULL,NULL,Anna Bedecs,123 1st Street,Seattle,WA,99999,USA,NULL,Coffee,Beverages,46,57,2622,96.53065483
5702,4/24/14,1,Company A,123 1st Street,Seattle,WA,99999,USA,Nancy Freehafer,North,NULL,NULL,Anna Bedecs,123 1st Street,Seattle,WA,99999,USA,NULL,Green Tea,Beverages,2.99,113,337.87,96.82607655
13766,5/20/14,28,Company BB,789 28th Street,Memphis,TN,99999,USA,Anne Larsen,South,5/30/14,Shipping Company C,Amritansh Raghav,789 28th Street,Memphis,TN,99999,USA,Credit Card,Clam Chowder,Soups,9.65,5,48.25,76.63290355
13328,5/12/14,28,Company BB,789 28th Street,Memphis,TN,99999,USA,Anne Larsen,South,5/30/14,Shipping Company C,Amritansh Raghav,789 28th Street,Memphis,TN,99999,USA,Credit Card,Crab Meat,Canned Meat,18.4,103,1895.2,52.10261106
4414,5/9/14,9,Company I,123 9th Street,Salt Lake City,UT,99999,USA,Robert Zare,West,5/11/14,Shipping Company A,Sven Mortensen,123 9th Street,Salt Lake City,UT,99999,USA,Check,Ravioli,Pasta,19.5,58,1131,15.83193379
17419,4/30/14,9,Company I,123 9th Street,Salt Lake City,UT,99999,USA,Robert Zare,West,5/11/14,Shipping Company A,Sven Mortensen,123 9th Street,Salt Lake City,UT,99999,USA,Check,Mozzarella,Dairy Products,34.8,140,4872,90.96271507
15116,4/16/14,6,Company F,123 6th Street,Milwaukee,WI,99999,USA,Michael Neipper,North,5/8/14,Shipping Company B,Francisco PŽrez-Olaeta,123 6th Street,Milwaukee,WI,99999,USA,Credit Card,Beer,Beverages,14,62,868,35.06169182
5161,5/9/14,8,Company H,123 8th Street,Portland,OR,99999,USA,Nancy Freehafer,North,5/10/14,Shipping Company B,Elizabeth Andersen,123 8th Street,Portland,OR,99999,USA,Check,Curry Sauce,Sauces,40,119,4760,75.66199309
6695,5/8/14,8,Company H,123 8th Street,Portland,OR,99999,USA,Nancy Freehafer,North,5/10/14,Shipping Company B,Elizabeth Andersen,123 8th Street,Portland,OR,99999,USA,Check,Chocolate Biscuits Mix,Baked Goods & Mixes,9.2,66,607.2,70.09079612
12923,5/26/14,25,Company Y,789 25th Street,Chicago,IL,99999,USA,Laura Giussani,East,5/27/14,Shipping Company A,John Rodman,789 25th Street,Chicago,IL,99999,USA,Cash,Scones,Baked Goods & Mixes,10,114,1140,86.21154271
19966,6/5/14,26,Company Z,789 26th Street,Miami,FL,99999,USA,Anne Larsen,South,5/28/14,Shipping Company C,Run Liu,789 26th Street,Miami,FL,99999,USA,Credit Card,Olive Oil,Oil,21.35,111,2369.85,63.77165205
17186,6/2/14,26,Company Z,789 26th Street,Miami,FL,99999,USA,Anne Larsen,South,5/28/14,Shipping Company C,Run Liu,789 26th Street,Miami,FL,99999,USA,Credit Card,Clam Chowder,Soups,9.65,30,289.5,69.09926896
9616,5/25/14,26,Company Z,789 26th Street,Miami,FL,99999,USA,Anne Larsen,South,5/28/14,Shipping Company C,Run Liu,789 26th Street,Miami,FL,99999,USA,Credit Card,Crab Meat,Canned Meat,18.4,115,2116,30.4572848
14529,5/14/14,29,Company CC,789 29th Street,Denver,CO,99999,USA,Jan Kotas,West,5/31/14,Shipping Company B,Soo Jung Lee,789 29th Street,Denver,CO,99999,USA,Check,Beer,Beverages,14,184,2576,10.93136283
6112,4/30/14,6,Company F,123 6th Street,Milwaukee,WI,99999,USA,Michael Neipper,North,5/8/14,Shipping Company C,Francisco PŽrez-Olaeta,123 6th Street,Milwaukee,WI,99999,USA,Check,Chocolate,Candy,12.75,109,1389.75,32.25201181
14625,5/2/14,4,Company D,123 4th Street,New York,NY,99999,USA,Andrew Cencini,East,5/6/14,Shipping Company A,Christina Lee,123 4th Street,New York,NY,99999,USA,Credit Card,Marmalade,"Jams, Preserves",81,166,13446,97.00945743
11684,4/21/14,4,Company D,123 4th Street,New York,NY,99999,USA,Andrew Cencini,East,5/6/14,Shipping Company A,Christina Lee,123 4th Street,New York,NY,99999,USA,Credit Card,Long Grain Rice,Grains,7,130,910,37.16424959
7766,4/28/14,8,Company H,123 8th Street,Portland,OR,99999,USA,Nancy Freehafer,North,5/10/14,Shipping Company C,Elizabeth Andersen,123 8th Street,Portland,OR,99999,USA,Credit Card,Mozzarella,Dairy Products,34.8,13,452.4,70.34220994
11286,5/3/14,3,Company C,123 3rd Street,Los Angelas,CA,99999,USA,Mariya Sergienko,West,5/5/14,Shipping Company B,Thomas Axerr,123 3rd Street,Los Angelas,CA,99999,USA,Cash,Syrup,Condiments,10,152,1520,81.39405135
17191,4/20/14,3,Company C,123 3rd Street,Los Angelas,CA,99999,USA,Mariya Sergienko,West,5/5/14,Shipping Company B,Thomas Axerr,123 3rd Street,Los Angelas,CA,99999,USA,Cash,Curry Sauce,Sauces,40,188,7520,39.62691447
8191,5/25/14,7,Company G,123 7th Street,Boise,ID,99999,USA,Nancy Freehafer,North,NULL,NULL,Ming-Yang Xie,123 7th Street,Boise,ID,99999,USA,NULL,Coffee,Beverages,46,86,3956,33.01014654
11949,6/12/14,10,Company J,123 10th Street,Chicago,IL,99999,USA,Laura Giussani,East,6/12/14,Shipping Company A,Roland Wacker,123 10th Street,Chicago,IL,99999,USA,NULL,Boysenberry Spread,"Jams, Preserves",25,195,4875,65.96237334
3245,6/18/14,10,Company J,123 10th Street,Chicago,IL,99999,USA,Laura Giussani,East,6/12/14,Shipping Company A,Roland Wacker,123 10th Street,Chicago,IL,99999,USA,NULL,Cajun Seasoning,Condiments,22,23,506,63.92767768
14718,6/11/14,10,Company J,123 10th Street,Chicago,IL,99999,USA,Laura Giussani,East,6/12/14,Shipping Company A,Roland Wacker,123 10th Street,Chicago,IL,99999,USA,NULL,Chocolate Biscuits Mix,Baked Goods & Mixes,9.2,150,1380,9.523516351
11295,6/9/14,11,Company K,123 11th Street,Miami,FL,99999,USA,Anne Larsen,South,NULL,Shipping Company C,Peter Krschne,123 11th Street,Miami,FL,99999,USA,NULL,Dried Plums,Dried Fruit & Nuts,3.5,40,140,79.95293669
4880,6/5/14,11,Company K,123 11th Street,Miami,FL,99999,USA,Anne Larsen,South,NULL,Shipping Company C,Peter Krschne,123 11th Street,Miami,FL,99999,USA,NULL,Green Tea,Beverages,2.99,143,427.57,28.86743818
3010,6/11/14,1,Company A,123 1st Street,Seattle,WA,99999,USA,Nancy Freehafer,North,NULL,NULL,Anna Bedecs,123 1st Street,Seattle,WA,99999,USA,NULL,Chai,Beverages,18,152,2736,96.32557269
6608,5/31/14,1,Company A,123 1st Street,Seattle,WA,99999,USA,Nancy Freehafer,North,NULL,NULL,Anna Bedecs,123 1st Street,Seattle,WA,99999,USA,NULL,Coffee,Beverages,46,199,9154,90.18248486
9746,5/23/14,1,Company A,123 1st Street,Seattle,WA,99999,USA,Nancy Freehafer,North,NULL,NULL,Anna Bedecs,123 1st Street,Seattle,WA,99999,USA,NULL,Green Tea,Beverages,2.99,60,179.4,99.14081519
3271,6/20/14,28,Company BB,789 28th Street,Memphis,TN,99999,USA,Anne Larsen,South,6/30/14,Shipping Company C,Amritansh Raghav,789 28th Street,Memphis,TN,99999,USA,Credit Card,Clam Chowder,Soups,9.65,129,1244.85,26.96936905
17964,6/13/14,28,Company BB,789 28th Street,Memphis,TN,99999,USA,Anne Larsen,South,6/30/14,Shipping Company C,Amritansh Raghav,789 28th Street,Memphis,TN,99999,USA,Credit Card,Crab Meat,Canned Meat,18.4,69,1269.6,27.30730279
2901,6/18/14,9,Company I,123 9th Street,Salt Lake City,UT,99999,USA,Robert Zare,West,6/11/14,Shipping Company A,Sven Mortensen,123 9th Street,Salt Lake City,UT,99999,USA,Check,Ravioli,Pasta,19.5,69,1345.5,80.47052658
14789,6/15/14,9,Company I,123 9th Street,Salt Lake City,UT,99999,USA,Robert Zare,West,6/11/14,Shipping Company A,Sven Mortensen,123 9th Street,Salt Lake City,UT,99999,USA,Check,Mozzarella,Dairy Products,34.8,25,870,51.72917961
5702,5/23/14,6,Company F,123 6th Street,Milwaukee,WI,99999,USA,Michael Neipper,North,6/8/14,Shipping Company B,Francisco PŽrez-Olaeta,123 6th Street,Milwaukee,WI,99999,USA,Credit Card,Beer,Beverages,14,24,336,52.59323534
11068,5/24/14,8,Company H,123 8th Street,Portland,OR,99999,USA,Nancy Freehafer,North,6/10/14,Shipping Company B,Elizabeth Andersen,123 8th Street,Portland,OR,99999,USA,Check,Curry Sauce,Sauces,40,108,4320,48.11355567
6012,6/14/14,8,Company H,123 8th Street,Portland,OR,99999,USA,Nancy Freehafer,North,6/10/14,Shipping Company B,Elizabeth Andersen,123 8th Street,Portland,OR,99999,USA,Check,Chocolate Biscuits Mix,Baked Goods & Mixes,9.2,73,671.6,39.3930939
14515,6/27/14,25,Company Y,789 25th Street,Chicago,IL,99999,USA,Laura Giussani,East,6/27/14,Shipping Company A,John Rodman,789 25th Street,Chicago,IL,99999,USA,Cash,Scones,Baked Goods & Mixes,10,128,1280,76.51232268
11751,6/15/14,26,Company Z,789 26th Street,Miami,FL,99999,USA,Anne Larsen,South,6/28/14,Shipping Company C,Run Liu,789 26th Street,Miami,FL,99999,USA,Credit Card,Olive Oil,Oil,21.35,63,1345.05,19.93631524
9126,6/11/14,26,Company Z,789 26th Street,Miami,FL,99999,USA,Anne Larsen,South,6/28/14,Shipping Company C,Run Liu,789 26th Street,Miami,FL,99999,USA,Credit Card,Clam Chowder,Soups,9.65,77,743.05,16.27903815
14420,6/10/14,26,Company Z,789 26th Street,Miami,FL,99999,USA,Anne Larsen,South,6/28/14,Shipping Company C,Run Liu,789 26th Street,Miami,FL,99999,USA,Credit Card,Crab Meat,Canned Meat,18.4,156,2870.4,65.97468085
13212,6/18/14,29,Company CC,789 29th Street,Denver,CO,99999,USA,Jan Kotas,West,7/1/14,Shipping Company B,Soo Jung Lee,789 29th Street,Denver,CO,99999,USA,Check,Beer,Beverages,14,2,28,62.03145458
7249,5/31/14,6,Company F,123 6th Street,Milwaukee,WI,99999,USA,Michael Neipper,North,6/8/14,Shipping Company C,Francisco PŽrez-Olaeta,123 6th Street,Milwaukee,WI,99999,USA,Check,Chocolate,Candy,12.75,112,1428,64.12241399
16617,5/29/14,4,Company D,123 4th Street,New York,NY,99999,USA,Andrew Cencini,East,6/6/14,Shipping Company A,Christina Lee,123 4th Street,New York,NY,99999,USA,Credit Card,Marmalade,"Jams, Preserves",81,188,15228,81.48649778
7008,5/26/14,4,Company D,123 4th Street,New York,NY,99999,USA,Andrew Cencini,East,6/6/14,Shipping Company A,Christina Lee,123 4th Street,New York,NY,99999,USA,Credit Card,Long Grain Rice,Grains,7,172,1204,45.29672434
3090,5/26/14,8,Company H,123 8th Street,Portland,OR,99999,USA,Nancy Freehafer,North,6/10/14,Shipping Company C,Elizabeth Andersen,123 8th Street,Portland,OR,99999,USA,Credit Card,Mozzarella,Dairy Products,34.8,57,1983.6,9.953865092
2694,6/12/14,3,Company C,123 3rd Street,Los Angelas,CA,99999,USA,Mariya Sergienko,West,6/5/14,Shipping Company B,Thomas Axerr,123 3rd Street,Los Angelas,CA,99999,USA,Cash,Syrup,Condiments,10,172,1720,31.29852259
11689,6/13/14,3,Company C,123 3rd Street,Los Angelas,CA,99999,USA,Mariya Sergienko,West,6/5/14,Shipping Company B,Thomas Axerr,123 3rd Street,Los Angelas,CA,99999,USA,Cash,Curry Sauce,Sauces,40,52,2080,78.75620011
2224,6/11/14,10,Company J,123 10th Street,Chicago,IL,99999,USA,Laura Giussani,East,6/12/14,Shipping Company B,Roland Wacker,123 10th Street,Chicago,IL,99999,USA,Credit Card,Almonds,Dried Fruit & Nuts,10,18,180,91.00037116
14292,5/24/14,10,Company J,123 10th Street,Chicago,IL,99999,USA,Laura Giussani,East,NULL,Shipping Company A,Roland Wacker,123 10th Street,Chicago,IL,99999,USA,NULL,Dried Plums,Dried Fruit & Nuts,3.5,118,413,67.55507145
7787,6/2/14,11,Company K,123 11th Street,Miami,FL,99999,USA,Anne Larsen,South,NULL,Shipping Company C,Peter Krschne,123 11th Street,Miami,FL,99999,USA,NULL,Curry Sauce,Sauces,40,16,640,46.2684343
13916,6/8/14,1,Company A,123 1st Street,Seattle,WA,99999,USA,Nancy Freehafer,North,NULL,Shipping Company C,Anna Bedecs,123 1st Street,Seattle,WA,99999,USA,NULL,Crab Meat,Canned Meat,18.4,109,2005.6,67.36085777
8886,6/28/14,28,Company BB,789 28th Street,Memphis,TN,99999,USA,Anne Larsen,South,6/30/14,Shipping Company C,Amritansh Raghav,789 28th Street,Memphis,TN,99999,USA,Credit Card,Coffee,Beverages,46,18,828,68.33620846
17690,6/4/14,9,Company I,123 9th Street,Salt Lake City,UT,99999,USA,Robert Zare,West,6/11/14,Shipping Company A,Sven Mortensen,123 9th Street,Salt Lake City,UT,99999,USA,Check,Clam Chowder,Soups,9.65,161,1553.65,89.86394534
19408,6/12/14,6,Company F,123 6th Street,Milwaukee,WI,99999,USA,Michael Neipper,North,6/8/14,Shipping Company B,Francisco PŽrez-Olaeta,123 6th Street,Milwaukee,WI,99999,USA,Credit Card,Chocolate,Candy,12.75,175,2231.25,98.18999441
17502,6/14/14,8,Company H,123 8th Street,Portland,OR,99999,USA,Nancy Freehafer,North,6/10/14,Shipping Company B,Elizabeth Andersen,123 8th Street,Portland,OR,99999,USA,Check,Chocolate,Candy,12.75,21,267.75,31.82612573
16543,7/5/14,25,Company Y,789 25th Street,Chicago,IL,99999,USA,Laura Giussani,East,6/27/14,Shipping Company A,John Rodman,789 25th Street,Chicago,IL,99999,USA,Cash,Cajun Seasoning,Condiments,22,156,3432,64.95016502
9695,6/6/14,26,Company Z,789 26th Street,Miami,FL,99999,USA,Anne Larsen,South,6/28/14,Shipping Company C,Run Liu,789 26th Street,Miami,FL,99999,USA,Credit Card,Boysenberry Spread,"Jams, Preserves",25,68,1700,24.28814687
12982,7/6/14,29,Company CC,789 29th Street,Denver,CO,99999,USA,Jan Kotas,West,7/1/14,Shipping Company B,Soo Jung Lee,789 29th Street,Denver,CO,99999,USA,Check,Fruit Cocktail,Fruit & Veg,39,78,3042,77.56528556
15997,5/25/14,6,Company F,123 6th Street,Milwaukee,WI,99999,USA,Michael Neipper,North,6/8/14,Shipping Company C,Francisco PŽrez-Olaeta,123 6th Street,Milwaukee,WI,99999,USA,Check,Dried Pears,Dried Fruit & Nuts,30,27,810,31.0954999
9438,6/15/14,6,Company F,123 6th Street,Milwaukee,WI,99999,USA,Michael Neipper,North,6/8/14,Shipping Company C,Francisco PŽrez-Olaeta,123 6th Street,Milwaukee,WI,99999,USA,Check,Dried Apples,Dried Fruit & Nuts,53,10,530,29.78581428
11595,6/8/14,4,Company D,123 4th Street,New York,NY,99999,USA,Andrew Cencini,East,NULL,NULL,Christina Lee,123 4th Street,New York,NY,99999,USA,NULL,Gnocchi,Pasta,38,48,1824,44.65374608
5777,5/22/14,3,Company C,123 3rd Street,Los Angelas,CA,99999,USA,Mariya Sergienko,West,NULL,NULL,Thomas Axerr,123 3rd Street,Los Angelas,CA,99999,USA,NULL,Green Tea,Beverages,2.99,86,257.14,16.05757041
6589,6/28/14,1,Company A,123 1st Street,Seattle,WA,99999,USA,Nancy Freehafer,North,NULL,NULL,Anna Bedecs,123 1st Street,Seattle,WA,99999,USA,NULL,Green Tea,Beverages,2.99,85,254.15,76.18679949
4633,7/27/14,28,Company BB,789 28th Street,Memphis,TN,99999,USA,Anne Larsen,South,7/30/14,Shipping Company C,Amritansh Raghav,789 28th Street,Memphis,TN,99999,USA,Credit Card,Clam Chowder,Soups,9.65,47,453.55,30.27262538
2947,7/19/14,28,Company BB,789 28th Street,Memphis,TN,99999,USA,Anne Larsen,South,7/30/14,Shipping Company C,Amritansh Raghav,789 28th Street,Memphis,TN,99999,USA,Credit Card,Crab Meat,Canned Meat,18.4,16,294.4,15.37501562
6939,7/7/14,9,Company I,123 9th Street,Salt Lake City,UT,99999,USA,Robert Zare,West,7/11/14,Shipping Company A,Sven Mortensen,123 9th Street,Salt Lake City,UT,99999,USA,Check,Ravioli,Pasta,19.5,78,1521,10.26716351
19609,6/19/14,9,Company I,123 9th Street,Salt Lake City,UT,99999,USA,Robert Zare,West,7/11/14,Shipping Company A,Sven Mortensen,123 9th Street,Salt Lake City,UT,99999,USA,Check,Mozzarella,Dairy Products,34.8,5,174,94.68487789
17979,7/3/14,6,Company F,123 6th Street,Milwaukee,WI,99999,USA,Michael Neipper,North,7/8/14,Shipping Company B,Francisco PŽrez-Olaeta,123 6th Street,Milwaukee,WI,99999,USA,Credit Card,Beer,Beverages,14,194,2716,90.62623291
3659,7/16/14,8,Company H,123 8th Street,Portland,OR,99999,USA,Nancy Freehafer,North,7/10/14,Shipping Company B,Elizabeth Andersen,123 8th Street,Portland,OR,99999,USA,Check,Curry Sauce,Sauces,40,196,7840,34.51075932
5940,7/3/14,8,Company H,123 8th Street,Portland,OR,99999,USA,Nancy Freehafer,North,7/10/14,Shipping Company B,Elizabeth Andersen,123 8th Street,Portland,OR,99999,USA,Check,Chocolate Biscuits Mix,Baked Goods & Mixes,9.2,198,1821.6,9.986733945
10254,7/9/14,25,Company Y,789 25th Street,Chicago,IL,99999,USA,Laura Giussani,East,7/27/14,Shipping Company A,John Rodman,789 25th Street,Chicago,IL,99999,USA,Cash,Scones,Baked Goods & Mixes,10,83,830,35.61712701
7148,8/2/14,26,Company Z,789 26th Street,Miami,FL,99999,USA,Anne Larsen,South,7/28/14,Shipping Company C,Run Liu,789 26th Street,Miami,FL,99999,USA,Credit Card,Olive Oil,Oil,21.35,2,42.7,31.55718734
14082,7/30/14,26,Company Z,789 26th Street,Miami,FL,99999,USA,Anne Larsen,South,7/28/14,Shipping Company C,Run Liu,789 26th Street,Miami,FL,99999,USA,Credit Card,Clam Chowder,Soups,9.65,195,1881.75,87.45076241
15668,7/25/14,26,Company Z,789 26th Street,Miami,FL,99999,USA,Anne Larsen,South,7/28/14,Shipping Company C,Run Liu,789 26th Street,Miami,FL,99999,USA,Credit Card,Crab Meat,Canned Meat,18.4,155,2852,52.25341528
3587,8/7/14,29,Company CC,789 29th Street,Denver,CO,99999,USA,Jan Kotas,West,7/31/14,Shipping Company B,Soo Jung Lee,789 29th Street,Denver,CO,99999,USA,Check,Beer,Beverages,14,95,1330,6.671025868
10953,6/22/14,6,Company F,123 6th Street,Milwaukee,WI,99999,USA,Michael Neipper,North,7/8/14,Shipping Company C,Francisco PŽrez-Olaeta,123 6th Street,Milwaukee,WI,99999,USA,Check,Chocolate,Candy,12.75,198,2524.5,18.89158873
7156,7/9/14,4,Company D,123 4th Street,New York,NY,99999,USA,Andrew Cencini,East,7/6/14,Shipping Company A,Christina Lee,123 4th Street,New York,NY,99999,USA,Credit Card,Marmalade,"Jams, Preserves",81,175,14175,22.19674722
10110,6/19/14,4,Company D,123 4th Street,New York,NY,99999,USA,Andrew Cencini,East,7/6/14,Shipping Company A,Christina Lee,123 4th Street,New York,NY,99999,USA,Credit Card,Long Grain Rice,Grains,7,143,1001,37.78671335
8652,6/21/14,8,Company H,123 8th Street,Portland,OR,99999,USA,Nancy Freehafer,North,7/10/14,Shipping Company C,Elizabeth Andersen,123 8th Street,Portland,OR,99999,USA,Credit Card,Mozzarella,Dairy Products,34.8,192,6681.6,48.42785121
7189,7/9/14,3,Company C,123 3rd Street,Los Angelas,CA,99999,USA,Mariya Sergienko,West,7/5/14,Shipping Company B,Thomas Axerr,123 3rd Street,Los Angelas,CA,99999,USA,Cash,Syrup,Condiments,10,21,210,68.36788092
6951,7/2/14,3,Company C,123 3rd Street,Los Angelas,CA,99999,USA,Mariya Sergienko,West,7/5/14,Shipping Company B,Thomas Axerr,123 3rd Street,Los Angelas,CA,99999,USA,Cash,Curry Sauce,Sauces,40,173,6920,99.87054051
7008,6/28/14,10,Company J,123 10th Street,Chicago,IL,99999,USA,Laura Giussani,East,7/12/14,Shipping Company B,Roland Wacker,123 10th Street,Chicago,IL,99999,USA,Credit Card,Almonds,Dried Fruit & Nuts,10,128,1280,78.96367945
13790,7/2/14,10,Company J,123 10th Street,Chicago,IL,99999,USA,Laura Giussani,East,NULL,Shipping Company A,Roland Wacker,123 10th Street,Chicago,IL,99999,USA,NULL,Dried Plums,Dried Fruit & Nuts,3.5,70,245,49.48873421
6596,6/27/14,11,Company K,123 11th Street,Miami,FL,99999,USA,Anne Larsen,South,NULL,Shipping Company C,Peter Krschne,123 11th Street,Miami,FL,99999,USA,NULL,Curry Sauce,Sauces,40,70,2800,15.94891215
6337,7/4/14,1,Company A,123 1st Street,Seattle,WA,99999,USA,Nancy Freehafer,North,NULL,Shipping Company C,Anna Bedecs,123 1st Street,Seattle,WA,99999,USA,NULL,Crab Meat,Canned Meat,18.4,108,1987.2,31.14293842
10837,7/24/14,28,Company BB,789 28th Street,Memphis,TN,99999,USA,Anne Larsen,South,7/30/14,Shipping Company C,Amritansh Raghav,789 28th Street,Memphis,TN,99999,USA,Credit Card,Coffee,Beverages,46,50,2300,53.44180599
2685,7/14/14,9,Company I,123 9th Street,Salt Lake City,UT,99999,USA,Robert Zare,West,7/11/14,Shipping Company A,Sven Mortensen,123 9th Street,Salt Lake City,UT,99999,USA,Check,Clam Chowder,Soups,9.65,193,1862.45,32.76869088
7887,7/11/14,6,Company F,123 6th Street,Milwaukee,WI,99999,USA,Michael Neipper,North,7/8/14,Shipping Company B,Francisco PŽrez-Olaeta,123 6th Street,Milwaukee,WI,99999,USA,Credit Card,Chocolate,Candy,12.75,150,1912.5,49.75559364
19285,8/9/14,28,Company BB,789 28th Street,Memphis,TN,99999,USA,Anne Larsen,South,8/30/14,Shipping Company C,Amritansh Raghav,789 28th Street,Memphis,TN,99999,USA,Check,Coffee,Beverages,46,83,3818,31.43496388
4433,8/6/14,8,Company H,123 8th Street,Portland,OR,99999,USA,Nancy Freehafer,North,8/10/14,Shipping Company C,Elizabeth Andersen,123 8th Street,Portland,OR,99999,USA,Check,Chocolate,Candy,12.75,136,1734,5.317409186
19041,8/2/14,10,Company J,123 10th Street,Chicago,IL,99999,USA,Laura Giussani,East,8/12/14,Shipping Company B,Roland Wacker,123 10th Street,Chicago,IL,99999,USA,Credit Card,Green Tea,Beverages,2.99,22,65.78,64.7137884
16627,8/14/14,7,Company G,123 7th Street,Boise,ID,99999,USA,Nancy Freehafer,North,NULL,NULL,Ming-Yang Xie,123 7th Street,Boise,ID,99999,USA,NULL,Coffee,Beverages,46,28,1288,28.2626981
6381,8/12/14,10,Company J,123 10th Street,Chicago,IL,99999,USA,Laura Giussani,East,8/12/14,Shipping Company A,Roland Wacker,123 10th Street,Chicago,IL,99999,USA,NULL,Boysenberry Spread,"Jams, Preserves",25,93,2325,16.5499265
6605,8/5/14,10,Company J,123 10th Street,Chicago,IL,99999,USA,Laura Giussani,East,8/12/14,Shipping Company A,Roland Wacker,123 10th Street,Chicago,IL,99999,USA,NULL,Cajun Seasoning,Condiments,22,14,308,63.6360151
9114,8/20/14,10,Company J,123 10th Street,Chicago,IL,99999,USA,Laura Giussani,East,8/12/14,Shipping Company A,Roland Wacker,123 10th Street,Chicago,IL,99999,USA,NULL,Chocolate Biscuits Mix,Baked Goods & Mixes,9.2,16,147.2,86.50631215
15881,8/12/14,11,Company K,123 11th Street,Miami,FL,99999,USA,Anne Larsen,South,NULL,Shipping Company C,Peter Krschne,123 11th Street,Miami,FL,99999,USA,NULL,Dried Plums,Dried Fruit & Nuts,3.5,180,630,28.12797808
16527,8/12/14,11,Company K,123 11th Street,Miami,FL,99999,USA,Anne Larsen,South,NULL,Shipping Company C,Peter Krschne,123 11th Street,Miami,FL,99999,USA,NULL,Green Tea,Beverages,2.99,68,203.32,15.01761692
2711,8/10/14,1,Company A,123 1st Street,Seattle,WA,99999,USA,Nancy Freehafer,North,NULL,NULL,Anna Bedecs,123 1st Street,Seattle,WA,99999,USA,NULL,Chai,Beverages,18,102,1836,63.11526072
6291,7/21/14,1,Company A,123 1st Street,Seattle,WA,99999,USA,Nancy Freehafer,North,NULL,NULL,Anna Bedecs,123 1st Street,Seattle,WA,99999,USA,NULL,Coffee,Beverages,46,111,5106,11.00843794
5984,7/28/14,1,Company A,123 1st Street,Seattle,WA,99999,USA,Nancy Freehafer,North,NULL,NULL,Anna Bedecs,123 1st Street,Seattle,WA,99999,USA,NULL,Green Tea,Beverages,2.99,164,490.36,16.35933745
8880,8/22/14,28,Company BB,789 28th Street,Memphis,TN,99999,USA,Anne Larsen,South,8/30/14,Shipping Company C,Amritansh Raghav,789 28th Street,Memphis,TN,99999,USA,Credit Card,Clam Chowder,Soups,9.65,84,810.6,3.379415346
17056,9/4/14,28,Company BB,789 28th Street,Memphis,TN,99999,USA,Anne Larsen,South,8/30/14,Shipping Company C,Amritansh Raghav,789 28th Street,Memphis,TN,99999,USA,Credit Card,Crab Meat,Canned Meat,18.4,17,312.8,56.81894902
17460,8/4/14,9,Company I,123 9th Street,Salt Lake City,UT,99999,USA,Robert Zare,West,8/11/14,Shipping Company A,Sven Mortensen,123 9th Street,Salt Lake City,UT,99999,USA,Check,Ravioli,Pasta,19.5,177,3451.5,7.691711362
16684,8/4/14,9,Company I,123 9th Street,Salt Lake City,UT,99999,USA,Robert Zare,West,8/11/14,Shipping Company A,Sven Mortensen,123 9th Street,Salt Lake City,UT,99999,USA,Check,Mozzarella,Dairy Products,34.8,81,2818.8,88.68270346
3225,7/31/14,6,Company F,123 6th Street,Milwaukee,WI,99999,USA,Michael Neipper,North,8/8/14,Shipping Company B,Francisco PŽrez-Olaeta,123 6th Street,Milwaukee,WI,99999,USA,Credit Card,Beer,Beverages,14,56,784,56.27389478
14773,8/9/14,8,Company H,123 8th Street,Portland,OR,99999,USA,Nancy Freehafer,North,8/10/14,Shipping Company B,Elizabeth Andersen,123 8th Street,Portland,OR,99999,USA,Check,Curry Sauce,Sauces,40,4,160,85.8179946
2123,7/24/14,8,Company H,123 8th Street,Portland,OR,99999,USA,Nancy Freehafer,North,8/10/14,Shipping Company B,Elizabeth Andersen,123 8th Street,Portland,OR,99999,USA,Check,Chocolate Biscuits Mix,Baked Goods & Mixes,9.2,91,837.2,42.53310874
11088,8/31/14,25,Company Y,789 25th Street,Chicago,IL,99999,USA,Laura Giussani,East,8/27/14,Shipping Company A,John Rodman,789 25th Street,Chicago,IL,99999,USA,Cash,Scones,Baked Goods & Mixes,10,84,840,6.738782151
2340,8/6/14,26,Company Z,789 26th Street,Miami,FL,99999,USA,Anne Larsen,South,8/28/14,Shipping Company C,Run Liu,789 26th Street,Miami,FL,99999,USA,Credit Card,Olive Oil,Oil,21.35,121,2583.35,18.86720184
14040,8/8/14,26,Company Z,789 26th Street,Miami,FL,99999,USA,Anne Larsen,South,8/28/14,Shipping Company C,Run Liu,789 26th Street,Miami,FL,99999,USA,Credit Card,Clam Chowder,Soups,9.65,105,1013.25,29.20522639
14344,8/6/14,26,Company Z,789 26th Street,Miami,FL,99999,USA,Anne Larsen,South,8/28/14,Shipping Company C,Run Liu,789 26th Street,Miami,FL,99999,USA,Credit Card,Crab Meat,Canned Meat,18.4,54,993.6,16.53975488
19356,8/31/14,29,Company CC,789 29th Street,Denver,CO,99999,USA,Jan Kotas,West,8/31/14,Shipping Company B,Soo Jung Lee,789 29th Street,Denver,CO,99999,USA,Check,Beer,Beverages,14,50,700,59.36236385
13643,8/15/14,6,Company F,123 6th Street,Milwaukee,WI,99999,USA,Michael Neipper,North,8/8/14,Shipping Company C,Francisco PŽrez-Olaeta,123 6th Street,Milwaukee,WI,99999,USA,Check,Chocolate,Candy,12.75,183,2333.25,17.52656419
15193,7/20/14,4,Company D,123 4th Street,New York,NY,99999,USA,Andrew Cencini,East,8/6/14,Shipping Company A,Christina Lee,123 4th Street,New York,NY,99999,USA,Credit Card,Marmalade,"Jams, Preserves",81,107,8667,95.01971898
11126,7/27/14,4,Company D,123 4th Street,New York,NY,99999,USA,Andrew Cencini,East,8/6/14,Shipping Company A,Christina Lee,123 4th Street,New York,NY,99999,USA,Credit Card,Long Grain Rice,Grains,7,151,1057,14.79161196
8352,9/7/14,10,Company J,123 10th Street,Chicago,IL,99999,USA,Laura Giussani,East,9/12/14,Shipping Company A,Roland Wacker,123 10th Street,Chicago,IL,99999,USA,NULL,Chocolate Biscuits Mix,Baked Goods & Mixes,9.2,40,368,14.20090034
4902,9/17/14,11,Company K,123 11th Street,Miami,FL,99999,USA,Anne Larsen,South,NULL,Shipping Company C,Peter Krschne,123 11th Street,Miami,FL,99999,USA,NULL,Dried Plums,Dried Fruit & Nuts,3.5,180,630,3.25300373
9130,8/25/14,11,Company K,123 11th Street,Miami,FL,99999,USA,Anne Larsen,South,NULL,Shipping Company C,Peter Krschne,123 11th Street,Miami,FL,99999,USA,NULL,Green Tea,Beverages,2.99,131,391.69,31.33500067
6601,8/27/14,1,Company A,123 1st Street,Seattle,WA,99999,USA,Nancy Freehafer,North,NULL,NULL,Anna Bedecs,123 1st Street,Seattle,WA,99999,USA,NULL,Chai,Beverages,18,51,918,43.24760224
14075,8/12/14,1,Company A,123 1st Street,Seattle,WA,99999,USA,Nancy Freehafer,North,NULL,NULL,Anna Bedecs,123 1st Street,Seattle,WA,99999,USA,NULL,Coffee,Beverages,46,20,920,37.59242014
8620,8/24/14,1,Company A,123 1st Street,Seattle,WA,99999,USA,Nancy Freehafer,North,NULL,NULL,Anna Bedecs,123 1st Street,Seattle,WA,99999,USA,NULL,Green Tea,Beverages,2.99,3,8.97,65.71046186
17273,9/28/14,28,Company BB,789 28th Street,Memphis,TN,99999,USA,Anne Larsen,South,9/30/14,Shipping Company C,Amritansh Raghav,789 28th Street,Memphis,TN,99999,USA,Credit Card,Clam Chowder,Soups,9.65,53,511.45,91.19871423
6053,10/2/14,28,Company BB,789 28th Street,Memphis,TN,99999,USA,Anne Larsen,South,9/30/14,Shipping Company C,Amritansh Raghav,789 28th Street,Memphis,TN,99999,USA,Credit Card,Crab Meat,Canned Meat,18.4,63,1159.2,41.88058926
19658,9/17/14,9,Company I,123 9th Street,Salt Lake City,UT,99999,USA,Robert Zare,West,9/11/14,Shipping Company A,Sven Mortensen,123 9th Street,Salt Lake City,UT,99999,USA,Check,Ravioli,Pasta,19.5,185,3607.5,6.152946216
10840,8/20/14,9,Company I,123 9th Street,Salt Lake City,UT,99999,USA,Robert Zare,West,9/11/14,Shipping Company A,Sven Mortensen,123 9th Street,Salt Lake City,UT,99999,USA,Check,Mozzarella,Dairy Products,34.8,112,3897.6,64.32553707
19409,9/5/14,6,Company F,123 6th Street,Milwaukee,WI,99999,USA,Michael Neipper,North,9/8/14,Shipping Company B,Francisco PŽrez-Olaeta,123 6th Street,Milwaukee,WI,99999,USA,Credit Card,Beer,Beverages,14,135,1890,44.37879816
5427,9/5/14,8,Company H,123 8th Street,Portland,OR,99999,USA,Nancy Freehafer,North,9/10/14,Shipping Company B,Elizabeth Andersen,123 8th Street,Portland,OR,99999,USA,Check,Curry Sauce,Sauces,40,98,3920,69.87349771
15263,8/24/14,8,Company H,123 8th Street,Portland,OR,99999,USA,Nancy Freehafer,North,9/10/14,Shipping Company B,Elizabeth Andersen,123 8th Street,Portland,OR,99999,USA,Check,Chocolate Biscuits Mix,Baked Goods & Mixes,9.2,106,975.2,29.46929557
9114,9/23/14,25,Company Y,789 25th Street,Chicago,IL,99999,USA,Laura Giussani,East,9/27/14,Shipping Company A,John Rodman,789 25th Street,Chicago,IL,99999,USA,Cash,Scones,Baked Goods & Mixes,10,33,330,8.95450292
15721,9/13/14,26,Company Z,789 26th Street,Miami,FL,99999,USA,Anne Larsen,South,9/28/14,Shipping Company C,Run Liu,789 26th Street,Miami,FL,99999,USA,Credit Card,Olive Oil,Oil,21.35,112,2391.2,89.60572006
2762,9/15/14,26,Company Z,789 26th Street,Miami,FL,99999,USA,Anne Larsen,South,9/28/14,Shipping Company C,Run Liu,789 26th Street,Miami,FL,99999,USA,Credit Card,Clam Chowder,Soups,9.65,67,646.55,4.21373217
16232,9/13/14,26,Company Z,789 26th Street,Miami,FL,99999,USA,Anne Larsen,South,9/28/14,Shipping Company C,Run Liu,789 26th Street,Miami,FL,99999,USA,Credit Card,Crab Meat,Canned Meat,18.4,118,2171.2,57.10227655
6084,9/22/14,29,Company CC,789 29th Street,Denver,CO,99999,USA,Jan Kotas,West,10/1/14,Shipping Company B,Soo Jung Lee,789 29th Street,Denver,CO,99999,USA,Check,Beer,Beverages,14,36,504,92.00331657
15683,8/31/14,6,Company F,123 6th Street,Milwaukee,WI,99999,USA,Michael Neipper,North,9/8/14,Shipping Company C,Francisco PŽrez-Olaeta,123 6th Street,Milwaukee,WI,99999,USA,Check,Chocolate,Candy,12.75,42,535.5,14.19558263
10576,9/7/14,4,Company D,123 4th Street,New York,NY,99999,USA,Andrew Cencini,East,9/6/14,Shipping Company A,Christina Lee,123 4th Street,New York,NY,99999,USA,Credit Card,Marmalade,"Jams, Preserves",81,11,891,88.21344798
12413,9/2/14,4,Company D,123 4th Street,New York,NY,99999,USA,Andrew Cencini,East,9/6/14,Shipping Company A,Christina Lee,123 4th Street,New York,NY,99999,USA,Credit Card,Long Grain Rice,Grains,7,69,483,72.06198199
5932,9/17/14,8,Company H,123 8th Street,Portland,OR,99999,USA,Nancy Freehafer,North,9/10/14,Shipping Company C,Elizabeth Andersen,123 8th Street,Portland,OR,99999,USA,Credit Card,Mozzarella,Dairy Products,34.8,40,1392,11.58611609
8376,9/13/14,3,Company C,123 3rd Street,Los Angelas,CA,99999,USA,Mariya Sergienko,West,9/5/14,Shipping Company B,Thomas Axerr,123 3rd Street,Los Angelas,CA,99999,USA,Cash,Syrup,Condiments,10,102,1020,48.01614625
8437,8/20/14,3,Company C,123 3rd Street,Los Angelas,CA,99999,USA,Mariya Sergienko,West,9/5/14,Shipping Company B,Thomas Axerr,123 3rd Street,Los Angelas,CA,99999,USA,Cash,Curry Sauce,Sauces,40,162,6480,95.81642611
15961,9/10/14,10,Company J,123 10th Street,Chicago,IL,99999,USA,Laura Giussani,East,9/12/14,Shipping Company B,Roland Wacker,123 10th Street,Chicago,IL,99999,USA,Credit Card,Almonds,Dried Fruit & Nuts,10,154,1540,5.664411207
16539,10/11/14,6,Company F,123 6th Street,Milwaukee,WI,99999,USA,Michael Neipper,North,10/8/14,Shipping Company B,Francisco PŽrez-Olaeta,123 6th Street,Milwaukee,WI,99999,USA,Credit Card,Curry Sauce,Sauces,40,27,1080,25.80712612
3473,10/22/14,28,Company BB,789 28th Street,Memphis,TN,99999,USA,Anne Larsen,South,10/30/14,Shipping Company C,Amritansh Raghav,789 28th Street,Memphis,TN,99999,USA,Check,Coffee,Beverages,46,129,5934,74.05685805
19831,9/30/14,8,Company H,123 8th Street,Portland,OR,99999,USA,Nancy Freehafer,North,10/10/14,Shipping Company C,Elizabeth Andersen,123 8th Street,Portland,OR,99999,USA,Check,Chocolate,Candy,12.75,161,2052.75,90.86389376
14531,10/7/14,10,Company J,123 10th Street,Chicago,IL,99999,USA,Laura Giussani,East,10/12/14,Shipping Company B,Roland Wacker,123 10th Street,Chicago,IL,99999,USA,Credit Card,Green Tea,Beverages,2.99,155,463.45,12.52151916
5837,10/4/14,7,Company G,123 7th Street,Boise,ID,99999,USA,Nancy Freehafer,North,NULL,NULL,Ming-Yang Xie,123 7th Street,Boise,ID,99999,USA,NULL,Coffee,Beverages,46,69,3174,0.069369515
3618,10/5/14,10,Company J,123 10th Street,Chicago,IL,99999,USA,Laura Giussani,East,10/12/14,Shipping Company A,Roland Wacker,123 10th Street,Chicago,IL,99999,USA,NULL,Boysenberry Spread,"Jams, Preserves",25,11,275,14.8676327
3852,9/27/14,10,Company J,123 10th Street,Chicago,IL,99999,USA,Laura Giussani,East,10/12/14,Shipping Company A,Roland Wacker,123 10th Street,Chicago,IL,99999,USA,NULL,Cajun Seasoning,Condiments,22,186,4092,83.42910205
4748,10/19/14,10,Company J,123 10th Street,Chicago,IL,99999,USA,Laura Giussani,East,10/12/14,Shipping Company A,Roland Wacker,123 10th Street,Chicago,IL,99999,USA,NULL,Chocolate Biscuits Mix,Baked Goods & Mixes,9.2,162,1490.4,99.72117877
13195,10/14/14,11,Company K,123 11th Street,Miami,FL,99999,USA,Anne Larsen,South,NULL,Shipping Company C,Peter Krschne,123 11th Street,Miami,FL,99999,USA,NULL,Dried Plums,Dried Fruit & Nuts,3.5,97,339.5,38.67338689
15482,10/11/14,11,Company K,123 11th Street,Miami,FL,99999,USA,Anne Larsen,South,NULL,Shipping Company C,Peter Krschne,123 11th Street,Miami,FL,99999,USA,NULL,Green Tea,Beverages,2.99,40,119.6,69.25112967
16588,9/26/14,1,Company A,123 1st Street,Seattle,WA,99999,USA,Nancy Freehafer,North,NULL,NULL,Anna Bedecs,123 1st Street,Seattle,WA,99999,USA,NULL,Chai,Beverages,18,45,810,91.84996825
9683,9/17/14,1,Company A,123 1st Street,Seattle,WA,99999,USA,Nancy Freehafer,North,NULL,NULL,Anna Bedecs,123 1st Street,Seattle,WA,99999,USA,NULL,Coffee,Beverages,46,151,6946,10.38535867
9256,9/15/14,1,Company A,123 1st Street,Seattle,WA,99999,USA,Nancy Freehafer,North,NULL,NULL,Anna Bedecs,123 1st Street,Seattle,WA,99999,USA,NULL,Green Tea,Beverages,2.99,44,131.56,11.76387062
3626,10/29/14,28,Company BB,789 28th Street,Memphis,TN,99999,USA,Anne Larsen,South,10/30/14,Shipping Company C,Amritansh Raghav,789 28th Street,Memphis,TN,99999,USA,Credit Card,Clam Chowder,Soups,9.65,14,135.1,66.43761764
11620,11/7/14,28,Company BB,789 28th Street,Memphis,TN,99999,USA,Anne Larsen,South,10/30/14,Shipping Company C,Amritansh Raghav,789 28th Street,Memphis,TN,99999,USA,Credit Card,Crab Meat,Canned Meat,18.4,51,938.4,12.85746526
9988,10/10/14,9,Company I,123 9th Street,Salt Lake City,UT,99999,USA,Robert Zare,West,10/11/14,Shipping Company A,Sven Mortensen,123 9th Street,Salt Lake City,UT,99999,USA,Check,Ravioli,Pasta,19.5,26,507,54.2207531
4213,10/11/14,9,Company I,123 9th Street,Salt Lake City,UT,99999,USA,Robert Zare,West,10/11/14,Shipping Company A,Sven Mortensen,123 9th Street,Salt Lake City,UT,99999,USA,Check,Mozzarella,Dairy Products,34.8,196,6820.8,12.44279856
6796,10/1/14,6,Company F,123 6th Street,Milwaukee,WI,99999,USA,Michael Neipper,North,10/8/14,Shipping Company B,Francisco PŽrez-Olaeta,123 6th Street,Milwaukee,WI,99999,USA,Credit Card,Beer,Beverages,14,195,2730,81.15802822
14285,9/25/14,8,Company H,123 8th Street,Portland,OR,99999,USA,Nancy Freehafer,North,10/10/14,Shipping Company B,Elizabeth Andersen,123 8th Street,Portland,OR,99999,USA,Check,Curry Sauce,Sauces,40,5,200,42.87244615
3955,9/25/14,8,Company H,123 8th Street,Portland,OR,99999,USA,Nancy Freehafer,North,10/10/14,Shipping Company B,Elizabeth Andersen,123 8th Street,Portland,OR,99999,USA,Check,Chocolate Biscuits Mix,Baked Goods & Mixes,9.2,134,1232.8,0.491804931
11356,10/11/14,25,Company Y,789 25th Street,Chicago,IL,99999,USA,Laura Giussani,East,10/27/14,Shipping Company A,John Rodman,789 25th Street,Chicago,IL,99999,USA,Cash,Scones,Baked Goods & Mixes,10,170,1700,14.93621432
17656,10/18/14,26,Company Z,789 26th Street,Miami,FL,99999,USA,Anne Larsen,South,10/28/14,Shipping Company C,Run Liu,789 26th Street,Miami,FL,99999,USA,Credit Card,Olive Oil,Oil,21.35,73,1558.55,75.34635732
5809,10/21/14,26,Company Z,789 26th Street,Miami,FL,99999,USA,Anne Larsen,South,10/28/14,Shipping Company C,Run Liu,789 26th Street,Miami,FL,99999,USA,Credit Card,Clam Chowder,Soups,9.65,128,1235.2,1.179724963
4199,10/15/14,26,Company Z,789 26th Street,Miami,FL,99999,USA,Anne Larsen,South,10/28/14,Shipping Company C,Run Liu,789 26th Street,Miami,FL,99999,USA,Credit Card,Crab Meat,Canned Meat,18.4,20,368,96.66960512
13821,10/11/14,29,Company CC,789 29th Street,Denver,CO,99999,USA,Jan Kotas,West,10/31/14,Shipping Company B,Soo Jung Lee,789 29th Street,Denver,CO,99999,USA,Check,Beer,Beverages,14,199,2786,6.310294685
2127,10/4/14,6,Company F,123 6th Street,Milwaukee,WI,99999,USA,Michael Neipper,North,10/8/14,Shipping Company C,Francisco PŽrez-Olaeta,123 6th Street,Milwaukee,WI,99999,USA,Check,Chocolate,Candy,12.75,103,1313.25,69.15977775
18381,10/9/14,4,Company D,123 4th Street,New York,NY,99999,USA,Andrew Cencini,East,10/6/14,Shipping Company A,Christina Lee,123 4th Street,New York,NY,99999,USA,Credit Card,Marmalade,"Jams, Preserves",81,86,6966,59.23217513
7116,10/14/14,4,Company D,123 4th Street,New York,NY,99999,USA,Andrew Cencini,East,10/6/14,Shipping Company A,Christina Lee,123 4th Street,New York,NY,99999,USA,Credit Card,Long Grain Rice,Grains,7,195,1365,86.5187357
5131,9/30/14,8,Company H,123 8th Street,Portland,OR,99999,USA,Nancy Freehafer,North,10/10/14,Shipping Company C,Elizabeth Andersen,123 8th Street,Portland,OR,99999,USA,Credit Card,Mozzarella,Dairy Products,34.8,156,5428.8,52.46309088
16128,9/22/14,3,Company C,123 3rd Street,Los Angelas,CA,99999,USA,Mariya Sergienko,West,10/5/14,Shipping Company B,Thomas Axerr,123 3rd Street,Los Angelas,CA,99999,USA,Cash,Syrup,Condiments,10,183,1830,92.16793158
12917,9/19/14,3,Company C,123 3rd Street,Los Angelas,CA,99999,USA,Mariya Sergienko,West,10/5/14,Shipping Company B,Thomas Axerr,123 3rd Street,Los Angelas,CA,99999,USA,Cash,Curry Sauce,Sauces,40,50,2000,4.42341862
13341,9/21/14,10,Company J,123 10th Street,Chicago,IL,99999,USA,Laura Giussani,East,10/12/14,Shipping Company B,Roland Wacker,123 10th Street,Chicago,IL,99999,USA,Credit Card,Almonds,Dried Fruit & Nuts,10,188,1880,3.580000045
2103,9/28/14,10,Company J,123 10th Street,Chicago,IL,99999,USA,Laura Giussani,East,NULL,Shipping Company A,Roland Wacker,123 10th Street,Chicago,IL,99999,USA,NULL,Dried Plums,Dried Fruit & Nuts,3.5,48,168,73.58408873
6886,10/15/14,11,Company K,123 11th Street,Miami,FL,99999,USA,Anne Larsen,South,NULL,Shipping Company C,Peter Krschne,123 11th Street,Miami,FL,99999,USA,NULL,Curry Sauce,Sauces,40,182,7280,4.653165056
18718,9/27/14,1,Company A,123 1st Street,Seattle,WA,99999,USA,Nancy Freehafer,North,NULL,Shipping Company C,Anna Bedecs,123 1st Street,Seattle,WA,99999,USA,NULL,Crab Meat,Canned Meat,18.4,85,1564,20.69284899
3650,10/31/14,28,Company BB,789 28th Street,Memphis,TN,99999,USA,Anne Larsen,South,10/30/14,Shipping Company C,Amritansh Raghav,789 28th Street,Memphis,TN,99999,USA,Credit Card,Coffee,Beverages,46,181,8326,21.35434607
14343,9/29/14,9,Company I,123 9th Street,Salt Lake City,UT,99999,USA,Robert Zare,West,10/11/14,Shipping Company A,Sven Mortensen,123 9th Street,Salt Lake City,UT,99999,USA,Check,Clam Chowder,Soups,9.65,194,1872.1,0.267202435
13296,9/27/14,6,Company F,123 6th Street,Milwaukee,WI,99999,USA,Michael Neipper,North,10/8/14,Shipping Company B,Francisco PŽrez-Olaeta,123 6th Street,Milwaukee,WI,99999,USA,Credit Card,Chocolate,Candy,12.75,112,1428,85.05641385
11943,9/18/14,8,Company H,123 8th Street,Portland,OR,99999,USA,Nancy Freehafer,North,10/10/14,Shipping Company B,Elizabeth Andersen,123 8th Street,Portland,OR,99999,USA,Check,Chocolate,Candy,12.75,195,2486.25,36.19074821
12623,11/3/14,10,Company J,123 10th Street,Chicago,IL,99999,USA,Laura Giussani,East,11/12/14,Shipping Company A,Roland Wacker,123 10th Street,Chicago,IL,99999,USA,NULL,Cajun Seasoning,Condiments,22,64,1408,76.6943843
14411,10/27/14,10,Company J,123 10th Street,Chicago,IL,99999,USA,Laura Giussani,East,11/12/14,Shipping Company A,Roland Wacker,123 10th Street,Chicago,IL,99999,USA,NULL,Chocolate Biscuits Mix,Baked Goods & Mixes,9.2,42,386.4,82.58676045
8016,10/26/14,11,Company K,123 11th Street,Miami,FL,99999,USA,Anne Larsen,South,NULL,Shipping Company C,Peter Krschne,123 11th Street,Miami,FL,99999,USA,NULL,Dried Plums,Dried Fruit & Nuts,3.5,73,255.5,8.730325246
15538,10/27/14,11,Company K,123 11th Street,Miami,FL,99999,USA,Anne Larsen,South,NULL,Shipping Company C,Peter Krschne,123 11th Street,Miami,FL,99999,USA,NULL,Green Tea,Beverages,2.99,178,532.22,90.28019
9620,10/14/14,1,Company A,123 1st Street,Seattle,WA,99999,USA,Nancy Freehafer,North,NULL,NULL,Anna Bedecs,123 1st Street,Seattle,WA,99999,USA,NULL,Chai,Beverages,18,163,2934,79.63705221
15648,10/23/14,1,Company A,123 1st Street,Seattle,WA,99999,USA,Nancy Freehafer,North,NULL,NULL,Anna Bedecs,123 1st Street,Seattle,WA,99999,USA,NULL,Coffee,Beverages,46,183,8418,76.26338986
13726,10/22/14,1,Company A,123 1st Street,Seattle,WA,99999,USA,Nancy Freehafer,North,NULL,NULL,Anna Bedecs,123 1st Street,Seattle,WA,99999,USA,NULL,Green Tea,Beverages,2.99,87,260.13,91.74593458
14079,11/24/14,28,Company BB,789 28th Street,Memphis,TN,99999,USA,Anne Larsen,South,11/30/14,Shipping Company C,Amritansh Raghav,789 28th Street,Memphis,TN,99999,USA,Credit Card,Clam Chowder,Soups,9.65,193,1862.45,56.28969537
13987,11/10/14,28,Company BB,789 28th Street,Memphis,TN,99999,USA,Anne Larsen,South,11/30/14,Shipping Company C,Amritansh Raghav,789 28th Street,Memphis,TN,99999,USA,Credit Card,Crab Meat,Canned Meat,18.4,109,2005.6,2.467207024
13936,11/11/14,9,Company I,123 9th Street,Salt Lake City,UT,99999,USA,Robert Zare,West,11/11/14,Shipping Company A,Sven Mortensen,123 9th Street,Salt Lake City,UT,99999,USA,Check,Ravioli,Pasta,19.5,14,273,30.35075607
11446,11/4/14,9,Company I,123 9th Street,Salt Lake City,UT,99999,USA,Robert Zare,West,11/11/14,Shipping Company A,Sven Mortensen,123 9th Street,Salt Lake City,UT,99999,USA,Check,Mozzarella,Dairy Products,34.8,18,626.4,56.35199863
19905,10/21/14,6,Company F,123 6th Street,Milwaukee,WI,99999,USA,Michael Neipper,North,11/8/14,Shipping Company B,Francisco PŽrez-Olaeta,123 6th Street,Milwaukee,WI,99999,USA,Credit Card,Beer,Beverages,14,100,1400,28.0718171
15528,11/2/14,8,Company H,123 8th Street,Portland,OR,99999,USA,Nancy Freehafer,North,11/10/14,Shipping Company B,Elizabeth Andersen,123 8th Street,Portland,OR,99999,USA,Check,Curry Sauce,Sauces,40,37,1480,29.96123454
8235,11/4/14,8,Company H,123 8th Street,Portland,OR,99999,USA,Nancy Freehafer,North,11/10/14,Shipping Company B,Elizabeth Andersen,123 8th Street,Portland,OR,99999,USA,Check,Chocolate Biscuits Mix,Baked Goods & Mixes,9.2,133,1223.6,70.44021629
2721,12/5/14,25,Company Y,789 25th Street,Chicago,IL,99999,USA,Laura Giussani,East,11/27/14,Shipping Company A,John Rodman,789 25th Street,Chicago,IL,99999,USA,Cash,Scones,Baked Goods & Mixes,10,119,1190,30.57020592
2066,12/2/14,26,Company Z,789 26th Street,Miami,FL,99999,USA,Anne Larsen,South,11/28/14,Shipping Company C,Run Liu,789 26th Street,Miami,FL,99999,USA,Credit Card,Olive Oil,Oil,21.35,192,4099.2,39.30781797
8989,11/15/14,26,Company Z,789 26th Street,Miami,FL,99999,USA,Anne Larsen,South,11/28/14,Shipping Company C,Run Liu,789 26th Street,Miami,FL,99999,USA,Credit Card,Clam Chowder,Soups,9.65,86,829.9,45.76413345
14211,11/19/14,26,Company Z,789 26th Street,Miami,FL,99999,USA,Anne Larsen,South,11/28/14,Shipping Company C,Run Liu,789 26th Street,Miami,FL,99999,USA,Credit Card,Crab Meat,Canned Meat,18.4,20,368,0.758190108
12002,11/30/14,29,Company CC,789 29th Street,Denver,CO,99999,USA,Jan Kotas,West,12/1/14,Shipping Company B,Soo Jung Lee,789 29th Street,Denver,CO,99999,USA,Check,Beer,Beverages,14,10,140,22.90346348
11581,11/5/14,6,Company F,123 6th Street,Milwaukee,WI,99999,USA,Michael Neipper,North,11/8/14,Shipping Company C,Francisco PŽrez-Olaeta,123 6th Street,Milwaukee,WI,99999,USA,Check,Chocolate,Candy,12.75,137,1746.75,36.25209808
18851,10/23/14,4,Company D,123 4th Street,New York,NY,99999,USA,Andrew Cencini,East,11/6/14,Shipping Company A,Christina Lee,123 4th Street,New York,NY,99999,USA,Credit Card,Marmalade,"Jams, Preserves",81,51,4131,39.53942313
2593,11/5/14,4,Company D,123 4th Street,New York,NY,99999,USA,Andrew Cencini,East,11/6/14,Shipping Company A,Christina Lee,123 4th Street,New York,NY,99999,USA,Credit Card,Long Grain Rice,Grains,7,71,497,50.24976867
7838,10/20/14,8,Company H,123 8th Street,Portland,OR,99999,USA,Nancy Freehafer,North,11/10/14,Shipping Company C,Elizabeth Andersen,123 8th Street,Portland,OR,99999,USA,Credit Card,Mozzarella,Dairy Products,34.8,150,5220,46.4552576
6561,11/1/14,3,Company C,123 3rd Street,Los Angelas,CA,99999,USA,Mariya Sergienko,West,11/5/14,Shipping Company B,Thomas Axerr,123 3rd Street,Los Angelas,CA,99999,USA,Cash,Syrup,Condiments,10,36,360,57.06320807
2279,10/19/14,3,Company C,123 3rd Street,Los Angelas,CA,99999,USA,Mariya Sergienko,West,11/5/14,Shipping Company B,Thomas Axerr,123 3rd Street,Los Angelas,CA,99999,USA,Cash,Curry Sauce,Sauces,40,148,5920,87.42087482
9287,10/25/14,10,Company J,123 10th Street,Chicago,IL,99999,USA,Laura Giussani,East,11/12/14,Shipping Company B,Roland Wacker,123 10th Street,Chicago,IL,99999,USA,Credit Card,Almonds,Dried Fruit & Nuts,10,8,80,31.26687793
7209,11/10/14,10,Company J,123 10th Street,Chicago,IL,99999,USA,Laura Giussani,East,NULL,Shipping Company A,Roland Wacker,123 10th Street,Chicago,IL,99999,USA,NULL,Dried Plums,Dried Fruit & Nuts,3.5,151,528.5,59.1578484
8955,11/2/14,11,Company K,123 11th Street,Miami,FL,99999,USA,Anne Larsen,South,NULL,Shipping Company C,Peter Krschne,123 11th Street,Miami,FL,99999,USA,NULL,Curry Sauce,Sauces,40,95,3800,63.56920435
7719,10/12/14,1,Company A,123 1st Street,Seattle,WA,99999,USA,Nancy Freehafer,North,NULL,Shipping Company C,Anna Bedecs,123 1st Street,Seattle,WA,99999,USA,NULL,Crab Meat,Canned Meat,18.4,153,2815.2,74.62150836
18015,11/11/14,28,Company BB,789 28th Street,Memphis,TN,99999,USA,Anne Larsen,South,11/30/14,Shipping Company C,Amritansh Raghav,789 28th Street,Memphis,TN,99999,USA,Credit Card,Coffee,Beverages,46,12,552,32.06496451
8434,10/31/14,9,Company I,123 9th Street,Salt Lake City,UT,99999,USA,Robert Zare,West,11/11/14,Shipping Company A,Sven Mortensen,123 9th Street,Salt Lake City,UT,99999,USA,Check,Clam Chowder,Soups,9.65,127,1225.55,6.849012984
3666,12/20/14,27,Company AA,789 27th Street,Las Vegas,NV,99999,USA,Mariya Sergienko,West,12/29/14,Shipping Company B,Karen Toh,789 27th Street,Las Vegas,NV,99999,USA,Check,Beer,Beverages,14,69,966,95.19507379
2163,1/4/15,27,Company AA,789 27th Street,Las Vegas,NV,99999,USA,Mariya Sergienko,West,12/29/14,Shipping Company B,Karen Toh,789 27th Street,Las Vegas,NV,99999,USA,Check,Dried Plums,Dried Fruit & Nuts,3.5,7,24.5,82.87978008
19783,12/11/14,4,Company D,123 4th Street,New York,NY,99999,USA,Andrew Cencini,East,12/6/14,Shipping Company A,Christina Lee,123 4th Street,New York,NY,99999,USA,Credit Card,Dried Pears,Dried Fruit & Nuts,30,172,5160,9.677827284
19260,11/14/14,4,Company D,123 4th Street,New York,NY,99999,USA,Andrew Cencini,East,12/6/14,Shipping Company A,Christina Lee,123 4th Street,New York,NY,99999,USA,Credit Card,Dried Apples,Dried Fruit & Nuts,53,99,5247,25.58246087
9745,12/9/14,4,Company D,123 4th Street,New York,NY,99999,USA,Andrew Cencini,East,12/6/14,Shipping Company A,Christina Lee,123 4th Street,New York,NY,99999,USA,Credit Card,Dried Plums,Dried Fruit & Nuts,3.5,134,469,9.242238324
15891,12/22/14,12,Company L,123 12th Street,Las Vegas,NV,99999,USA,Mariya Sergienko,West,12/14/14,Shipping Company B,John Edwards,123 12th Street,Las Vegas,NV,99999,USA,Credit Card,Chai,Beverages,18,12,216,65.89207088
7482,11/23/14,12,Company L,123 12th Street,Las Vegas,NV,99999,USA,Mariya Sergienko,West,12/14/14,Shipping Company B,John Edwards,123 12th Street,Las Vegas,NV,99999,USA,Credit Card,Coffee,Beverages,46,75,3450,9.334082318
2546,12/10/14,8,Company H,123 8th Street,Portland,OR,99999,USA,Nancy Freehafer,North,12/10/14,Shipping Company C,Elizabeth Andersen,123 8th Street,Portland,OR,99999,USA,Credit Card,Chocolate Biscuits Mix,Baked Goods & Mixes,9.2,32,294.4,67.06988065
4720,11/26/14,4,Company D,123 4th Street,New York,NY,99999,USA,Andrew Cencini,East,12/6/14,Shipping Company C,Christina Lee,123 4th Street,New York,NY,99999,USA,Check,Chocolate Biscuits Mix,Baked Goods & Mixes,9.2,56,515.2,2.997718225
13935,1/2/15,29,Company CC,789 29th Street,Denver,CO,99999,USA,Jan Kotas,West,12/31/14,Shipping Company B,Soo Jung Lee,789 29th Street,Denver,CO,99999,USA,Check,Chocolate,Candy,12.75,104,1326,37.97446275
18440,11/18/14,3,Company C,123 3rd Street,Los Angelas,CA,99999,USA,Mariya Sergienko,West,12/5/14,Shipping Company B,Thomas Axerr,123 3rd Street,Los Angelas,CA,99999,USA,Cash,Clam Chowder,Soups,9.65,150,1447.5,8.72903923
17721,11/22/14,6,Company F,123 6th Street,Milwaukee,WI,99999,USA,Michael Neipper,North,12/8/14,Shipping Company B,Francisco PŽrez-Olaeta,123 6th Street,Milwaukee,WI,99999,USA,Credit Card,Curry Sauce,Sauces,40,135,5400,84.59449585
18469,12/20/14,28,Company BB,789 28th Street,Memphis,TN,99999,USA,Anne Larsen,South,12/30/14,Shipping Company C,Amritansh Raghav,789 28th Street,Memphis,TN,99999,USA,Check,Coffee,Beverages,46,187,8602,20.40616299
12959,12/10/14,8,Company H,123 8th Street,Portland,OR,99999,USA,Nancy Freehafer,North,12/10/14,Shipping Company C,Elizabeth Andersen,123 8th Street,Portland,OR,99999,USA,Check,Chocolate,Candy,12.75,128,1632,68.67307278
2391,12/10/14,10,Company J,123 10th Street,Chicago,IL,99999,USA,Laura Giussani,East,12/12/14,Shipping Company B,Roland Wacker,123 10th Street,Chicago,IL,99999,USA,Credit Card,Green Tea,Beverages,2.99,15,44.85,1.675113715
2299,11/30/14,7,Company G,123 7th Street,Boise,ID,99999,USA,Nancy Freehafer,North,NULL,NULL,Ming-Yang Xie,123 7th Street,Boise,ID,99999,USA,NULL,Coffee,Beverages,46,60,2760,39.20549673
12611,12/8/14,10,Company J,123 10th Street,Chicago,IL,99999,USA,Laura Giussani,East,12/12/14,Shipping Company A,Roland Wacker,123 10th Street,Chicago,IL,99999,USA,NULL,Boysenberry Spread,"Jams, Preserves",25,88,2200,99.2172711
9319,11/25/14,10,Company J,123 10th Street,Chicago,IL,99999,USA,Laura Giussani,East,12/12/14,Shipping Company A,Roland Wacker,123 10th Street,Chicago,IL,99999,USA,NULL,Cajun Seasoning,Condiments,22,74,1628,49.44606247
3323,12/4/14,10,Company J,123 10th Street,Chicago,IL,99999,USA,Laura Giussani,East,12/12/14,Shipping Company A,Roland Wacker,123 10th Street,Chicago,IL,99999,USA,NULL,Chocolate Biscuits Mix,Baked Goods & Mixes,9.2,37,340.4,64.3525885
2033,11/26/14,11,Company K,123 11th Street,Miami,FL,99999,USA,Anne Larsen,South,NULL,Shipping Company C,Peter Krschne,123 11th Street,Miami,FL,99999,USA,NULL,Dried Plums,Dried Fruit & Nuts,3.5,162,567,78.63791557
15343,12/12/14,11,Company K,123 11th Street,Miami,FL,99999,USA,Anne Larsen,South,NULL,Shipping Company C,Peter Krschne,123 11th Street,Miami,FL,99999,USA,NULL,Green Tea,Beverages,2.99,22,65.78,18.12686854
10622,11/12/14,1,Company A,123 1st Street,Seattle,WA,99999,USA,Nancy Freehafer,North,NULL,NULL,Anna Bedecs,123 1st Street,Seattle,WA,99999,USA,NULL,Chai,Beverages,18,33,594,88.34372092
5318,11/17/14,1,Company A,123 1st Street,Seattle,WA,99999,USA,Nancy Freehafer,North,NULL,NULL,Anna Bedecs,123 1st Street,Seattle,WA,99999,USA,NULL,Coffee,Beverages,46,92,4232,97.9970875
12073,11/20/14,1,Company A,123 1st Street,Seattle,WA,99999,USA,Nancy Freehafer,North,NULL,NULL,Anna Bedecs,123 1st Street,Seattle,WA,99999,USA,NULL,Green Tea,Beverages,2.99,47,140.53,20.8830959
4746,12/29/14,28,Company BB,789 28th Street,Memphis,TN,99999,USA,Anne Larsen,South,12/30/14,Shipping Company C,Amritansh Raghav,789 28th Street,Memphis,TN,99999,USA,Credit Card,Clam Chowder,Soups,9.65,145,1399.25,82.60458213
13807,1/1/15,28,Company BB,789 28th Street,Memphis,TN,99999,USA,Anne Larsen,South,12/30/14,Shipping Company C,Amritansh Raghav,789 28th Street,Memphis,TN,99999,USA,Credit Card,Crab Meat,Canned Meat,18.4,158,2907.2,69.56187933
9089,11/19/14,9,Company I,123 9th Street,Salt Lake City,UT,99999,USA,Robert Zare,West,12/11/14,Shipping Company A,Sven Mortensen,123 9th Street,Salt Lake City,UT,99999,USA,Check,Ravioli,Pasta,19.5,10,195,93.90116846
16297,11/24/14,9,Company I,123 9th Street,Salt Lake City,UT,99999,USA,Robert Zare,West,12/11/14,Shipping Company A,Sven Mortensen,123 9th Street,Salt Lake City,UT,99999,USA,Check,Mozzarella,Dairy Products,34.8,145,5046,50.52313824
10048,12/3/14,6,Company F,123 6th Street,Milwaukee,WI,99999,USA,Michael Neipper,North,12/8/14,Shipping Company B,Francisco PŽrez-Olaeta,123 6th Street,Milwaukee,WI,99999,USA,Credit Card,Beer,Beverages,14,76,1064,92.04278935
12645,12/12/14,8,Company H,123 8th Street,Portland,OR,99999,USA,Nancy Freehafer,North,12/10/14,Shipping Company B,Elizabeth Andersen,123 8th Street,Portland,OR,99999,USA,Check,Curry Sauce,Sauces,40,107,4280,66.50379529
18561,11/29/14,8,Company H,123 8th Street,Portland,OR,99999,USA,Nancy Freehafer,North,12/10/14,Shipping Company B,Elizabeth Andersen,123 8th Street,Portland,OR,99999,USA,Check,Chocolate Biscuits Mix,Baked Goods & Mixes,9.2,27,248.4,31.06925555
7453,12/21/14,25,Company Y,789 25th Street,Chicago,IL,99999,USA,Laura Giussani,East,12/27/14,Shipping Company A,John Rodman,789 25th Street,Chicago,IL,99999,USA,Cash,Scones,Baked Goods & Mixes,10,194,1940,45.76774176
15894,12/8/14,26,Company Z,789 26th Street,Miami,FL,99999,USA,Anne Larsen,South,12/28/14,Shipping Company C,Run Liu,789 26th Street,Miami,FL,99999,USA,Credit Card,Olive Oil,Oil,21.35,108,2305.8,53.43268458
8865,12/27/14,26,Company Z,789 26th Street,Miami,FL,99999,USA,Anne Larsen,South,12/28/14,Shipping Company C,Run Liu,789 26th Street,Miami,FL,99999,USA,Credit Card,Clam Chowder,Soups,9.65,104,1003.6,78.52551174
5841,12/17/14,26,Company Z,789 26th Street,Miami,FL,99999,USA,Anne Larsen,South,12/28/14,Shipping Company C,Run Liu,789 26th Street,Miami,FL,99999,USA,Credit Card,Crab Meat,Canned Meat,18.4,70,1288,91.36261943
17695,12/12/14,29,Company CC,789 29th Street,Denver,CO,99999,USA,Jan Kotas,West,12/31/14,Shipping Company B,Soo Jung Lee,789 29th Street,Denver,CO,99999,USA,Check,Beer,Beverages,14,97,1358,40.62552215
2891,11/21/14,6,Company F,123 6th Street,Milwaukee,WI,99999,USA,Michael Neipper,North,12/8/14,Shipping Company C,Francisco PŽrez-Olaeta,123 6th Street,Milwaukee,WI,99999,USA,Check,Chocolate,Candy,12.75,2,25.5,87.18603062
5234,12/8/14,4,Company D,123 4th Street,New York,NY,99999,USA,Andrew Cencini,East,12/6/14,Shipping Company A,Christina Lee,123 4th Street,New York,NY,99999,USA,Credit Card,Marmalade,"Jams, Preserves",81,140,11340,69.0134473
18674,12/5/14,4,Company D,123 4th Street,New York,NY,99999,USA,Andrew Cencini,East,12/6/14,Shipping Company A,Christina Lee,123 4th Street,New York,NY,99999,USA,Credit Card,Long Grain Rice,Grains,7,6,42,48.8951226
15640,11/18/14,8,Company H,123 8th Street,Portland,OR,99999,USA,Nancy Freehafer,North,12/10/14,Shipping Company C,Elizabeth Andersen,123 8th Street,Portland,OR,99999,USA,Credit Card,Mozzarella,Dairy Products,34.8,2,69.6,25.52036597
18956,12/11/14,3,Company C,123 3rd Street,Los Angelas,CA,99999,USA,Mariya Sergienko,West,12/5/14,Shipping Company B,Thomas Axerr,123 3rd Street,Los Angelas,CA,99999,USA,Cash,Syrup,Condiments,10,66,660,57.40068452
17345,11/21/14,3,Company C,123 3rd Street,Los Angelas,CA,99999,USA,Mariya Sergienko,West,12/5/14,Shipping Company B,Thomas Axerr,123 3rd Street,Los Angelas,CA,99999,USA,Cash,Curry Sauce,Sauces,40,182,7280,61.28737415
14598,11/29/14,10,Company J,123 10th Street,Chicago,IL,99999,USA,Laura Giussani,East,12/12/14,Shipping Company B,Roland Wacker,123 10th Street,Chicago,IL,99999,USA,Credit Card,Almonds,Dried Fruit & Nuts,10,199,1990,45.69499442
6179,12/14/14,10,Company J,123 10th Street,Chicago,IL,99999,USA,Laura Giussani,East,NULL,Shipping Company A,Roland Wacker,123 10th Street,Chicago,IL,99999,USA,NULL,Dried Plums,Dried Fruit & Nuts,3.5,173,605.5,12.76027508
3281,12/3/14,11,Company K,123 11th Street,Miami,FL,99999,USA,Anne Larsen,South,NULL,Shipping Company C,Peter Krschne,123 11th Street,Miami,FL,99999,USA,NULL,Curry Sauce,Sauces,40,56,2240,28.55018265
3104,11/23/14,1,Company A,123 1st Street,Seattle,WA,99999,USA,Nancy Freehafer,North,NULL,Shipping Company C,Anna Bedecs,123 1st Street,Seattle,WA,99999,USA,NULL,Crab Meat,Canned Meat,18.4,45,828,84.61130856
4200,12/23/14,28,Company BB,789 28th Street,Memphis,TN,99999,USA,Anne Larsen,South,12/30/14,Shipping Company C,Amritansh Raghav,789 28th Street,Memphis,TN,99999,USA,Credit Card,Coffee,Beverages,46,53,2438,43.80311084
8365,12/7/14,9,Company I,123 9th Street,Salt Lake City,UT,99999,USA,Robert Zare,West,12/11/14,Shipping Company A,Sven Mortensen,123 9th Street,Salt Lake City,UT,99999,USA,Check,Clam Chowder,Soups,9.65,54,521.1,70.73627981
2961,11/20/14,6,Company F,123 6th Street,Milwaukee,WI,99999,USA,Michael Neipper,North,12/8/14,Shipping Company B,Francisco PŽrez-Olaeta,123 6th Street,Milwaukee,WI,99999,USA,Credit Card,Chocolate,Candy,12.75,147,1874.25,54.7363381
18028,11/18/14,8,Company H,123 8th Street,Portland,OR,99999,USA,Nancy Freehafer,North,12/10/14,Shipping Company B,Elizabeth Andersen,123 8th Street,Portland,OR,99999,USA,Check,Chocolate,Candy,12.75,143,1823.25,93.219896
6473,12/21/14,25,Company Y,789 25th Street,Chicago,IL,99999,USA,Laura Giussani,East,12/27/14,Shipping Company A,John Rodman,789 25th Street,Chicago,IL,99999,USA,Cash,Cajun Seasoning,Condiments,22,141,3102,46.22722446
18499,12/26/14,26,Company Z,789 26th Street,Miami,FL,99999,USA,Anne Larsen,South,12/28/14,Shipping Company C,Run Liu,789 26th Street,Miami,FL,99999,USA,Credit Card,Boysenberry Spread,"Jams, Preserves",25,126,3150,44.94673671
14420,12/18/14,29,Company CC,789 29th Street,Denver,CO,99999,USA,Jan Kotas,West,12/31/14,Shipping Company B,Soo Jung Lee,789 29th Street,Denver,CO,99999,USA,Check,Fruit Cocktail,Fruit & Veg,39,23,897,22.7019521
5069,12/16/14,6,Company F,123 6th Street,Milwaukee,WI,99999,USA,Michael Neipper,North,12/8/14,Shipping Company C,Francisco PŽrez-Olaeta,123 6th Street,Milwaukee,WI,99999,USA,Check,Dried Pears,Dried Fruit & Nuts,30,25,750,43.69930011
14575,11/20/14,6,Company F,123 6th Street,Milwaukee,WI,99999,USA,Michael Neipper,North,12/8/14,Shipping Company C,Francisco PŽrez-Olaeta,123 6th Street,Milwaukee,WI,99999,USA,Check,Dried Apples,Dried Fruit & Nuts,53,169,8957,46.2048435
19883,12/4/14,4,Company D,123 4th Street,New York,NY,99999,USA,Andrew Cencini,East,NULL,NULL,Christina Lee,123 4th Street,New York,NY,99999,USA,NULL,Gnocchi,Pasta,38,185,7030,74.37684689
6842,11/13/14,3,Company C,123 3rd Street,Los Angelas,CA,99999,USA,Mariya Sergienko,West,NULL,NULL,Thomas Axerr,123 3rd Street,Los Angelas,CA,99999,USA,NULL,Green Tea,Beverages,2.99,40,119.6,14.08037259